|badge|p1|silver|gen9randombattle|30-4
|uhtml|medal-msg|<div class="broadcast-blue">Curious what those medals under the avatar are? PS now has Ladder Seasons! For more information, check out the <a href="https://www.smogon.com/forums/threads/3740067/">thread on Smogon.</a></div>
|badge|p2|silver|gen9randombattle|30-4
|uhtml|medal-msg|<div class="broadcast-blue">Curious what those medals under the avatar are? PS now has Ladder Seasons! For more information, check out the <a href="https://www.smogon.com/forums/threads/3740067/">thread on Smogon.</a></div>
|j|‽bmence
|j|☆Prosaic
|t:|1738104622
|gametype|singles
|player|p1|bmence|1|2451
|player|p2|Prosaic|schoolkid-gen4dp|2495
|teamsize|p1|6
|teamsize|p2|6
|gen|9
|tier|[Gen 9] Random Battle
|rated|
|rule|Species Clause: Limit one of each Pokémon
|rule|HP Percentage Mod: HP is shown in percentages
|rule|Sleep Clause Mod: Limit one foe put to sleep
|rule|Illusion Level Mod: Illusion disguises the Pokémon's true level
|
|t:|1738104622
|start
|switch|p1a: Kingdra|Kingdra, L84, M|263/263
|switch|p2a: Lanturn|Lanturn, L89, M|367/367
|turn|1
|
|t:|1738104646
|move|p1a: Kingdra|Draco Meteor|p2a: Lanturn
|-damage|p2a: Lanturn|192/367
|-unboost|p1a: Kingdra|spa|2
|-damage|p1a: Kingdra|237/263|[from] item: Life Orb
|move|p2a: Lanturn|Thunder Wave|p1a: Kingdra
|-status|p1a: Kingdra|par
|
|-heal|p2a: Lanturn|214/367|[from] item: Leftovers
|upkeep
|turn|2
|j| 9m8
|j| adolphinhitther
|
|t:|1738104671
|move|p2a: Lanturn|Ice Beam|p1a: Kingdra
|-damage|p1a: Kingdra|177/263 par
|move|p1a: Kingdra|Rain Dance|p1a: Kingdra
|-weather|RainDance
|
|-weather|RainDance|[upkeep]
|-heal|p2a: Lanturn|236/367|[from] item: Leftovers
|upkeep
|turn|3
|
|t:|1738104684
|switch|p2a: Gogoat|Gogoat, L88, M|360/360
|move|p1a: Kingdra|Wave Crash|p2a: Gogoat
|-resisted|p2a: Gogoat
|-damage|p2a: Gogoat|218/360
|-damage|p1a: Kingdra|130/263 par|[from] Recoil
|-damage|p1a: Kingdra|104/263 par|[from] item: Life Orb
|
|-weather|RainDance|[upkeep]
|-heal|p2a: Gogoat|240/360|[from] item: Leftovers
|upkeep
|turn|4
|
|t:|1738104696
|switch|p1a: Torkoal|Torkoal, L88, M|266/266
|-weather|SunnyDay|[from] ability: Drought|[of] p1a: Torkoal
|move|p2a: Gogoat|Milk Drink|p2a: Gogoat
|-heal|p2a: Gogoat|360/360
|
|-weather|SunnyDay|[upkeep]
|upkeep
|turn|5
|raw|<div class="broadcast-red"><b>The server is restarting soon.</b><br />Please finish your battles quickly. No new battles can be started until the server resets in a few minutes.</div>
|inactive|Battle timer is ON: inactive players will automatically lose when time's up.
|raw|<div class="broadcast-red"><b>Moderated chat was set to +!</b><br />Only users of rank + and higher can talk.</div>
|
|t:|1738104709
|move|p2a: Gogoat|Earthquake|p1a: Torkoal
|-supereffective|p1a: Torkoal
|-damage|p1a: Torkoal|162/266
|move|p1a: Torkoal|Earthquake|p2a: Gogoat
|-resisted|p2a: Gogoat
|-damage|p2a: Gogoat|315/360
|
|-weather|SunnyDay|[upkeep]
|-heal|p2a: Gogoat|337/360|[from] item: Leftovers
|upkeep
|turn|6
|
|t:|1738104713
|switch|p2a: Lanturn|Lanturn, L89, M|236/367
|move|p1a: Torkoal|Earthquake|p2a: Lanturn
|-supereffective|p2a: Lanturn
|-damage|p2a: Lanturn|48/367
|
|-weather|SunnyDay|[upkeep]
|-heal|p2a: Lanturn|70/367|[from] item: Leftovers
|upkeep
|turn|7
|
|t:|1738104722
|switch|p1a: Kingdra|Kingdra, L84, M|104/263 par
|move|p2a: Lanturn|Thunderbolt|p1a: Kingdra
|-damage|p1a: Kingdra|19/263 par
|
|-weather|SunnyDay|[upkeep]
|-heal|p2a: Lanturn|92/367|[from] item: Leftovers
|upkeep
|turn|8
|
|t:|1738104727
|move|p2a: Lanturn|Thunderbolt|p1a: Kingdra
|-damage|p1a: Kingdra|0 fnt
|faint|p1a: Kingdra
|
|-weather|none
|-heal|p2a: Lanturn|114/367|[from] item: Leftovers
|upkeep
|
|t:|1738104732
|switch|p1a: Mienshao|Mienshao, L83, F|244/244
|turn|9
|
|t:|1738104745
|switch|p2a: Talonflame|Talonflame, L83, F|265/265
|move|p1a: Mienshao|Knock Off|p2a: Talonflame
|-damage|p2a: Talonflame|147/265
|-enditem|p2a: Talonflame|Heavy-Duty Boots|[from] move: Knock Off|[of] p1a: Mienshao
|-damage|p1a: Mienshao|220/244|[from] item: Life Orb
|
|upkeep
|turn|10
|
|t:|1738104754
|switch|p1a: Torkoal|Torkoal, L88, M|162/266
|-weather|SunnyDay|[from] ability: Drought|[of] p1a: Torkoal
|move|p2a: Talonflame|Roost|p2a: Talonflame
|-heal|p2a: Talonflame|265/265
|-singleturn|p2a: Talonflame|move: Roost
|
|-weather|SunnyDay|[upkeep]
|upkeep
|turn|11
|
|t:|1738104761
|move|p2a: Talonflame|Taunt|p1a: Torkoal
|-start|p1a: Torkoal|move: Taunt
|move|p1a: Torkoal|Lava Plume|p2a: Talonflame
|-resisted|p2a: Talonflame
|-damage|p2a: Talonflame|186/265
|
|-weather|SunnyDay|[upkeep]
|upkeep
|turn|12
|
|t:|1738104767
|move|p2a: Talonflame|Overheat|p1a: Torkoal
|-resisted|p1a: Torkoal
|-damage|p1a: Torkoal|71/266
|-unboost|p2a: Talonflame|spa|2
|move|p1a: Torkoal|Lava Plume|p2a: Talonflame
|-resisted|p2a: Talonflame
|-damage|p2a: Talonflame|112/265
|
|-weather|SunnyDay|[upkeep]
|upkeep
|turn|13
|
|t:|1738104772
|move|p2a: Talonflame|Brave Bird|p1a: Torkoal
|-damage|p1a: Torkoal|1/266
|-damage|p2a: Talonflame|89/265|[from] Recoil
|move|p1a: Torkoal|Earthquake|p2a: Talonflame
|-immune|p2a: Talonflame
|
|-weather|SunnyDay|[upkeep]
|-end|p1a: Torkoal|move: Taunt
|upkeep
|turn|14
|
|t:|1738104780
|move|p2a: Talonflame|Brave Bird|p1a: Torkoal
|-damage|p1a: Torkoal|0 fnt
|faint|p1a: Torkoal
|-damage|p2a: Talonflame|88/265|[from] Recoil
|
|-weather|none
|upkeep
|
|t:|1738104788
|switch|p1a: Mewtwo|Mewtwo, L72|272/272
|-ability|p1a: Mewtwo|Unnerve
|turn|15
|
|t:|1738104801
|switch|p2a: Metagross|Metagross, L79|256/256
|move|p1a: Mewtwo|Psystrike|p2a: Metagross
|-resisted|p2a: Metagross
|-damage|p2a: Metagross|225/256
|-damage|p1a: Mewtwo|245/272|[from] item: Life Orb
|
|-heal|p2a: Metagross|241/256|[from] item: Leftovers
|upkeep
|turn|16
|
|t:|1738104813
|switch|p2a: Lanturn|Lanturn, L89, M|114/367
|move|p1a: Mewtwo|Nasty Plot|p1a: Mewtwo
|-boost|p1a: Mewtwo|spa|2
|
|-heal|p2a: Lanturn|136/367|[from] item: Leftovers
|upkeep
|turn|17
|
|t:|1738104819
|move|p1a: Mewtwo|Psystrike|p2a: Lanturn
|-damage|p2a: Lanturn|0 fnt
|faint|p2a: Lanturn
|-damage|p1a: Mewtwo|218/272|[from] item: Life Orb
|
|upkeep
|
|t:|1738104845
|switch|p2a: Talonflame|Talonflame, L83, F|88/265
|turn|18
|
|t:|1738104852
|move|p2a: Talonflame|Brave Bird|p1a: Mewtwo
|-damage|p1a: Mewtwo|86/272
|-damage|p2a: Talonflame|44/265|[from] Recoil
|move|p1a: Mewtwo|Psystrike|p2a: Talonflame
|-damage|p2a: Talonflame|0 fnt
|faint|p2a: Talonflame
|-damage|p1a: Mewtwo|59/272|[from] item: Life Orb
|
|upkeep
|
|t:|1738104865
|switch|p2a: Metagross|Metagross, L79|241/256
|turn|19
|inactive|bmence has 120 seconds left.
|
|t:|1738104896
|-terastallize|p1a: Mewtwo|Fighting
|move|p2a: Metagross|Bullet Punch|p1a: Mewtwo
|-damage|p1a: Mewtwo|5/272
|move|p1a: Mewtwo|Aura Sphere|p2a: Metagross
|-damage|p2a: Metagross|10/256
|-damage|p1a: Mewtwo|0 fnt|[from] item: Life Orb
|faint|p1a: Mewtwo
|
|-heal|p2a: Metagross|26/256|[from] item: Leftovers
|upkeep
|inactive|bmence has 120 seconds left.
|
|t:|1738104908
|switch|p1a: Illumise|Illumise, L91, F|266/266
|turn|20
|inactive|Prosaic has 120 seconds left.
|
|t:|1738104946
|move|p2a: Metagross|Bullet Punch|p1a: Illumise
|-damage|p1a: Illumise|217/266
|move|p1a: Illumise|Bug Buzz|p2a: Metagross
|-damage|p2a: Metagross|0 fnt
|faint|p2a: Metagross
|
|upkeep
|j|+YveltalNL
|inactive|Prosaic has 90 seconds left.
|
|t:|1738104996
|switch|p2a: Leavanny|Leavanny, L86, F|269/269
|turn|21
|
|t:|1738105012
|move|p2a: Leavanny|Triple Axel|p1a: Illumise|[miss]
|-miss|p2a: Leavanny|p1a: Illumise
|move|p1a: Illumise|Bug Buzz|p2a: Leavanny
|-supereffective|p2a: Leavanny
|-damage|p2a: Leavanny|87/269
|
|upkeep
|turn|22
|
|t:|1738105015
|move|p2a: Leavanny|Triple Axel|p1a: Illumise
|-damage|p1a: Illumise|200/266
|-damage|p1a: Illumise|166/266
|-damage|p1a: Illumise|121/266
|-hitcount|p1a: Illumise|3
|move|p1a: Illumise|Bug Buzz|p2a: Leavanny
|-supereffective|p2a: Leavanny
|-damage|p2a: Leavanny|0 fnt
|faint|p2a: Leavanny
|
|upkeep
|
|t:|1738105021
|switch|p2a: Veluza|Veluza, L85, M|292/292
|turn|23
|
|t:|1738105046
|-terastallize|p2a: Veluza|Psychic
|move|p1a: Illumise|Roost|p1a: Illumise
|-heal|p1a: Illumise|254/266
|-singleturn|p1a: Illumise|move: Roost
|move|p2a: Veluza|Psycho Cut|p1a: Illumise
|-damage|p1a: Illumise|76/266
|
|upkeep
|turn|24
|inactive|bmence has 120 seconds left.
|
|t:|1738105071
|move|p1a: Illumise|Bug Buzz|p2a: Veluza
|-supereffective|p2a: Veluza
|-damage|p2a: Veluza|76/292
|-enditem|p2a: Veluza|Sitrus Berry|[eat]
|-heal|p2a: Veluza|149/292|[from] item: Sitrus Berry
|move|p2a: Veluza|Psycho Cut|p1a: Illumise
|-damage|p1a: Illumise|0 fnt
|faint|p1a: Illumise
|
|upkeep
|
|t:|1738105084
|switch|p1a: Mienshao|Mienshao, L83, F|244/244
|turn|25
|inactive|Prosaic has 90 seconds left.
|
|t:|1738105101
|move|p1a: Mienshao|Knock Off|p2a: Veluza
|-supereffective|p2a: Veluza
|-damage|p2a: Veluza|0 fnt
|faint|p2a: Veluza
|-damage|p1a: Mienshao|220/244|[from] item: Life Orb
|
|upkeep
|
|t:|1738105103
|switch|p2a: Gogoat|Gogoat, L88, M|337/360
|turn|26
|
|t:|1738105113
|move|p1a: Mienshao|Close Combat|p2a: Gogoat
|-damage|p2a: Gogoat|84/360
|-unboost|p1a: Mienshao|def|1
|-unboost|p1a: Mienshao|spd|1
|-damage|p1a: Mienshao|196/244|[from] item: Life Orb
|move|p2a: Gogoat|Bulk Up|p2a: Gogoat
|-boost|p2a: Gogoat|atk|1
|-boost|p2a: Gogoat|def|1
|
|-heal|p2a: Gogoat|106/360|[from] item: Leftovers
|upkeep
|turn|27
|
|t:|1738105117
|move|p1a: Mienshao|Close Combat|p2a: Gogoat
|-damage|p2a: Gogoat|0 fnt
|-unboost|p1a: Mienshao|def|1
|-unboost|p1a: Mienshao|spd|1
|faint|p2a: Gogoat
|-damage|p1a: Mienshao|172/244|[from] item: Life Orb
|
|win|bmence
|raw|bmence's rating: 2451 &rarr; <strong>2474</strong><br />(+23 for winning)
|raw|Prosaic's rating: 2495 &rarr; <strong>2472</strong><br />(-23 for losing)
|l|+YveltalNL
