|badge|p1|silver|gen9randombattle|30-2
|uhtml|medal-msg|<div class="broadcast-blue">Curious what those medals under the avatar are? PS now has Ladder Seasons! For more information, check out the <a href="https://www.smogon.com/forums/threads/3740067/">thread on Smogon.</a></div>
|badge|p2|silver|gen9randombattle|30-2
|uhtml|medal-msg|<div class="broadcast-blue">Curious what those medals under the avatar are? PS now has Ladder Seasons! For more information, check out the <a href="https://www.smogon.com/forums/threads/3740067/">thread on Smogon.</a></div>
|j|‽kandkad
|j|☆HaunterBoy28
|t:|1722903201
|gametype|singles
|player|p1|kandkad|clemont|2499
|player|p2|HaunterBoy28|#rbtt7teamhoopa|2501
|teamsize|p1|6
|teamsize|p2|6
|gen|9
|tier|[Gen 9] Random Battle
|rated|
|rule|Species Clause: Limit one of each Pokémon
|rule|HP Percentage Mod: HP is shown in percentages
|rule|Sleep Clause Mod: Limit one foe put to sleep
|rule|Illusion Level Mod: Illusion disguises the Pokémon's true level
|
|t:|1722903201
|start
|switch|p1a: Froslass|Froslass, L87, F|263/263
|switch|p2a: Manaphy|Manaphy, L78|284/284
|turn|1
|inactive|Battle timer is ON: inactive players will automatically lose when time's up. (requested by kandkad)
|inactive|HaunterBoy28 has 120 seconds left.
|inactive|HaunterBoy28 has 90 seconds left.
|
|t:|1722903275
|switch|p1a: Umbreon|Umbreon, L84, M|297/297
|move|p2a: Manaphy|Surf|p1a: Umbreon
|-damage|p1a: Umbreon|228/297
|
|-heal|p1a: Umbreon|246/297|[from] item: Leftovers
|upkeep
|turn|2
|
|t:|1722903286
|switch|p2a: Iron Moth|Iron Moth, L78|253/253
|move|p1a: Umbreon|Toxic|p2a: Iron Moth
|-immune|p2a: Iron Moth
|
|-heal|p1a: Umbreon|264/297|[from] item: Leftovers
|upkeep
|turn|3
|
|t:|1722903297
|move|p2a: Iron Moth|U-turn|p1a: Umbreon
|-supereffective|p1a: Umbreon
|-damage|p1a: Umbreon|208/297
|
|t:|1722903301
|-end|p2a: Iron Moth|Quark Drive|[silent]
|switch|p2a: Vespiquen|Vespiquen, L98, F|296/296|[from] U-turn
|-ability|p2a: Vespiquen|Pressure
|move|p1a: Umbreon|Foul Play|p2a: Vespiquen
|-damage|p2a: Vespiquen|239/296
|
|-heal|p1a: Umbreon|226/297|[from] item: Leftovers
|upkeep
|turn|4
|
|t:|1722903305
|move|p1a: Umbreon|Protect|p1a: Umbreon
|-singleturn|p1a: Umbreon|Protect
|move|p2a: Vespiquen|Toxic Spikes|p1a: Umbreon
|-sidestart|p1: kandkad|move: Toxic Spikes
|
|-heal|p1a: Umbreon|244/297|[from] item: Leftovers
|upkeep
|turn|5
|
|t:|1722903314
|switch|p2a: Iron Moth|Iron Moth, L78|253/253
|-terastallize|p1a: Umbreon|Poison
|move|p1a: Umbreon|Wish|p1a: Umbreon
|
|-heal|p1a: Umbreon|262/297|[from] item: Leftovers
|upkeep
|turn|6
|
|t:|1722903341
|move|p2a: Iron Moth|Fiery Dance|p1a: Umbreon
|-damage|p1a: Umbreon|187/297
|-boost|p2a: Iron Moth|spa|1
|move|p1a: Umbreon|Foul Play|p2a: Iron Moth
|-damage|p2a: Iron Moth|141/253
|
|-heal|p1a: Umbreon|297/297|[from] move: Wish|[wisher] Umbreon
|upkeep
|turn|7
|
|t:|1722903351
|move|p2a: Iron Moth|Fiery Dance|p1a: Umbreon
|-damage|p1a: Umbreon|183/297
|-boost|p2a: Iron Moth|spa|1
|move|p1a: Umbreon|Foul Play|p2a: Iron Moth
|-damage|p2a: Iron Moth|35/253
|
|-heal|p1a: Umbreon|201/297|[from] item: Leftovers
|upkeep
|turn|8
|
|t:|1722903357
|move|p1a: Umbreon|Protect|p1a: Umbreon
|-singleturn|p1a: Umbreon|Protect
|move|p2a: Iron Moth|Morning Sun|p2a: Iron Moth
|-heal|p2a: Iron Moth|161/253
|
|-heal|p1a: Umbreon|219/297|[from] item: Leftovers
|upkeep
|turn|9
|
|t:|1722903366
|switch|p1a: Iron Boulder|Iron Boulder, L77|265/265
|-status|p1a: Iron Boulder|psn
|move|p2a: Iron Moth|Fiery Dance|p1a: Iron Boulder
|-resisted|p1a: Iron Boulder
|-damage|p1a: Iron Boulder|168/265 psn
|-boost|p2a: Iron Moth|spa|1
|
|-damage|p1a: Iron Boulder|135/265 psn|[from] psn
|upkeep
|turn|10
|
|t:|1722903378
|-end|p2a: Iron Moth|Quark Drive|[silent]
|switch|p2a: Gholdengo|Gholdengo, L77|261/261
|move|p1a: Iron Boulder|Mighty Cleave|p2a: Gholdengo
|-resisted|p2a: Gholdengo
|-damage|p2a: Gholdengo|196/261
|-damage|p1a: Iron Boulder|109/265 psn|[from] item: Life Orb
|
|-heal|p2a: Gholdengo|212/261|[from] item: Leftovers
|-damage|p1a: Iron Boulder|76/265 psn|[from] psn
|upkeep
|turn|11
|j| shaky3
|inactive|HaunterBoy28 has 120 seconds left.
|
|t:|1722903409
|-end|p1a: Iron Boulder|Quark Drive|[silent]
|switch|p1a: Umbreon|Umbreon, L84, M, tera:Poison|219/297
|-sideend|p1: kandkad|move: Toxic Spikes|[of] p1a: Umbreon
|move|p2a: Gholdengo|Nasty Plot|p2a: Gholdengo
|-boost|p2a: Gholdengo|spa|2
|
|-heal|p2a: Gholdengo|228/261|[from] item: Leftovers
|-heal|p1a: Umbreon|237/297|[from] item: Leftovers
|upkeep
|turn|12
|inactive|HaunterBoy28 has 120 seconds left.
|
|t:|1722903431
|switch|p1a: Iron Boulder|Iron Boulder, L77|76/265 psn
|move|p2a: Gholdengo|Nasty Plot|p2a: Gholdengo
|-boost|p2a: Gholdengo|spa|2
|
|-heal|p2a: Gholdengo|244/261|[from] item: Leftovers
|-damage|p1a: Iron Boulder|43/265 psn|[from] psn
|upkeep
|turn|13
|
|t:|1722903442
|move|p1a: Iron Boulder|Mighty Cleave|p2a: Gholdengo
|-resisted|p2a: Gholdengo
|-damage|p2a: Gholdengo|175/261
|-damage|p1a: Iron Boulder|17/265 psn|[from] item: Life Orb
|move|p2a: Gholdengo|Shadow Ball|p1a: Iron Boulder
|-supereffective|p1a: Iron Boulder
|-damage|p1a: Iron Boulder|0 fnt
|faint|p1a: Iron Boulder
|-end|p1a: Iron Boulder|Quark Drive|[silent]
|
|-heal|p2a: Gholdengo|191/261|[from] item: Leftovers
|upkeep
|
|t:|1722903450
|switch|p1a: Froslass|Froslass, L87, F|263/263
|turn|14
|inactive|HaunterBoy28 has 120 seconds left.
|inactive|HaunterBoy28 has 90 seconds left.
|
|t:|1722903489
|-terastallize|p2a: Gholdengo|Steel
|move|p1a: Froslass|Destiny Bond|p1a: Froslass
|-singlemove|p1a: Froslass|Destiny Bond
|move|p2a: Gholdengo|Shadow Ball|p1a: Froslass
|-supereffective|p1a: Froslass
|-damage|p1a: Froslass|0 fnt
|faint|p1a: Froslass
|-activate|p1a: Froslass|move: Destiny Bond
|faint|p2a: Gholdengo
|
|upkeep
|inactive|HaunterBoy28 has 90 seconds left.
|
|t:|1722903509
|switch|p1a: Umbreon|Umbreon, L84, M, tera:Poison|237/297
|switch|p2a: Vespiquen|Vespiquen, L98, F|239/296
|-ability|p2a: Vespiquen|Pressure
|turn|15
|
|t:|1722903514
|move|p1a: Umbreon|Toxic|p2a: Vespiquen
|-status|p2a: Vespiquen|tox
|move|p2a: Vespiquen|Spikes|p1a: Umbreon
|-sidestart|p1: kandkad|Spikes
|
|-heal|p1a: Umbreon|255/297|[from] item: Leftovers
|-damage|p2a: Vespiquen|221/296 tox|[from] psn
|upkeep
|turn|16
|inactive|HaunterBoy28 has 90 seconds left.
|
|t:|1722903524
|move|p1a: Umbreon|Foul Play|p2a: Vespiquen
|-damage|p2a: Vespiquen|164/296 tox
|move|p2a: Vespiquen|Spikes|p1a: Umbreon
|-sidestart|p1: kandkad|Spikes
|
|-heal|p1a: Umbreon|273/297|[from] item: Leftovers
|-damage|p2a: Vespiquen|128/296 tox|[from] psn
|upkeep
|turn|17
|
|t:|1722903529
|switch|p1a: Kleavor|Kleavor, L78, F|237/237
|-damage|p1a: Kleavor|198/237|[from] Spikes
|move|p2a: Vespiquen|Roost|p2a: Vespiquen
|-heal|p2a: Vespiquen|276/296 tox
|-singleturn|p2a: Vespiquen|move: Roost
|
|-damage|p2a: Vespiquen|222/296 tox|[from] psn
|upkeep
|turn|18
|inactive|HaunterBoy28 has 90 seconds left.
|
|t:|1722903567
|switch|p2a: Manaphy|Manaphy, L78|284/284
|move|p1a: Kleavor|Stone Axe|p2a: Manaphy
|-damage|p2a: Manaphy|109/284
|-sidestart|p2: HaunterBoy28|move: Stealth Rock
|
|-heal|p2a: Manaphy|126/284|[from] item: Leftovers
|upkeep
|turn|19
|j| uvdunchhh
|
|t:|1722903583
|switch|p1a: Umbreon|Umbreon, L84, M, tera:Poison|273/297
|-damage|p1a: Umbreon|224/297|[from] Spikes
|move|p2a: Manaphy|Surf|p1a: Umbreon
|-damage|p1a: Umbreon|161/297
|
|-heal|p2a: Manaphy|143/284|[from] item: Leftovers
|-heal|p1a: Umbreon|179/297|[from] item: Leftovers
|upkeep
|turn|20
|inactive|HaunterBoy28 has 60 seconds left.
|
|t:|1722903615
|switch|p2a: Vespiquen|Vespiquen, L98, F|222/296 tox
|-ability|p2a: Vespiquen|Pressure
|move|p1a: Umbreon|Toxic|p2a: Vespiquen
|-fail|p2a: Vespiquen|tox
|
|-heal|p1a: Umbreon|197/297|[from] item: Leftovers
|-damage|p2a: Vespiquen|204/296 tox|[from] psn
|upkeep
|turn|21
|inactive|HaunterBoy28 has 60 seconds left.
|
|t:|1722903630
|move|p1a: Umbreon|Wish|p1a: Umbreon
|move|p2a: Vespiquen|Spikes|p1a: Umbreon
|-sidestart|p1: kandkad|Spikes
|
|-heal|p1a: Umbreon|215/297|[from] item: Leftovers
|-damage|p2a: Vespiquen|168/296 tox|[from] psn
|upkeep
|turn|22
|l| shaky3
|inactive|HaunterBoy28 has 60 seconds left.
|j| shaky3
|
|t:|1722903655
|move|p1a: Umbreon|Foul Play|p2a: Vespiquen
|-damage|p2a: Vespiquen|111/296 tox
|move|p2a: Vespiquen|Hurricane|p1a: Umbreon
|-damage|p1a: Umbreon|110/297
|
|-heal|p1a: Umbreon|258/297|[from] move: Wish|[wisher] Umbreon
|-heal|p1a: Umbreon|276/297|[from] item: Leftovers
|-damage|p2a: Vespiquen|57/296 tox|[from] psn
|upkeep
|turn|23
|
|t:|1722903670
|move|p1a: Umbreon|Foul Play|p2a: Vespiquen
|-damage|p2a: Vespiquen|3/296 tox
|move|p2a: Vespiquen|Roost|p2a: Vespiquen
|-heal|p2a: Vespiquen|151/296 tox
|-singleturn|p2a: Vespiquen|move: Roost
|
|-heal|p1a: Umbreon|294/297|[from] item: Leftovers
|-damage|p2a: Vespiquen|79/296 tox|[from] psn
|upkeep
|turn|24
|inactive|HaunterBoy28 has 30 seconds left.
|inactive|HaunterBoy28 has 20 seconds left.
|inactive|HaunterBoy28 has 15 seconds left.
|
|t:|1722903712
|move|p1a: Umbreon|Wish|p1a: Umbreon
|move|p2a: Vespiquen|Roost|p2a: Vespiquen
|-heal|p2a: Vespiquen|227/296 tox
|-singleturn|p2a: Vespiquen|move: Roost
|
|-heal|p1a: Umbreon|297/297|[from] item: Leftovers
|-damage|p2a: Vespiquen|137/296 tox|[from] psn
|upkeep
|turn|25
|inactive|HaunterBoy28 has 25 seconds left this turn.
|inactive|HaunterBoy28 has 20 seconds left.
|inactive|HaunterBoy28 has 15 seconds left.
|inactive|HaunterBoy28 has 10 seconds left.
|
|t:|1722903728
|switch|p2a: Cinderace|Cinderace, L77, F|249/249
|move|p1a: Umbreon|Toxic|p2a: Cinderace
|-status|p2a: Cinderace|tox
|
|-damage|p2a: Cinderace|234/249 tox|[from] psn
|upkeep
|turn|26
|inactive|HaunterBoy28 has 20 seconds left this turn.
|inactive|HaunterBoy28 has 15 seconds left.
|inactive|HaunterBoy28 has 10 seconds left.
|
|t:|1722903740
|move|p1a: Umbreon|Protect|p1a: Umbreon
|-singleturn|p1a: Umbreon|Protect
|move|p2a: Cinderace|Pyro Ball|p1a: Umbreon
|-activate|p1a: Umbreon|move: Protect
|
|-damage|p2a: Cinderace|204/249 tox|[from] psn
|upkeep
|turn|27
|inactive|HaunterBoy28 has 20 seconds left this turn.
|inactive|HaunterBoy28 has 15 seconds left.
|inactive|HaunterBoy28 has 10 seconds left.
|
|t:|1722903753
|move|p2a: Cinderace|Pyro Ball|p1a: Umbreon
|-damage|p1a: Umbreon|188/297
|move|p1a: Umbreon|Wish|p1a: Umbreon
|
|-heal|p1a: Umbreon|206/297|[from] item: Leftovers
|-damage|p2a: Cinderace|159/249 tox|[from] psn
|upkeep
|turn|28
|inactive|HaunterBoy28 has 20 seconds left this turn.
|inactive|HaunterBoy28 has 15 seconds left.
|inactive|HaunterBoy28 has 10 seconds left.
|
|t:|1722903767
|move|p2a: Cinderace|Pyro Ball||[still]
|-damage|p1a: Umbreon|103/297
|-status|p1a: Umbreon|brn
|-activate|p1a: Umbreon|ability: Synchronize
|-fail|p1a: Umbreon
|move|p1a: Umbreon|Foul Play|p2a: Cinderace
|-damage|p2a: Cinderace|99/249 tox
|
|-heal|p1a: Umbreon|251/297 brn|[from] move: Wish|[wisher] Umbreon
|-heal|p1a: Umbreon|269/297 brn|[from] item: Leftovers
|-damage|p2a: Cinderace|39/249 tox|[from] psn
|-damage|p1a: Umbreon|251/297 brn|[from] brn
|upkeep
|turn|29
|inactive|HaunterBoy28 has 20 seconds left this turn.
|inactive|HaunterBoy28 has 15 seconds left.
|
|t:|1722903778
|switch|p2a: Iron Moth|Iron Moth, L78|161/253
|move|p1a: Umbreon|Protect||[still]
|-fail|p1a: Umbreon
|
|-heal|p1a: Umbreon|269/297 brn|[from] item: Leftovers
|-damage|p1a: Umbreon|251/297 brn|[from] brn
|upkeep
|turn|30
|inactive|HaunterBoy28 has 25 seconds left this turn.
|inactive|HaunterBoy28 has 20 seconds left.
|
|t:|1722903786
|switch|p1a: Swampert|Swampert, L83, F|302/302
|-damage|p1a: Swampert|227/302|[from] Spikes
|move|p2a: Iron Moth|Fiery Dance|p1a: Swampert
|-resisted|p1a: Swampert
|-damage|p1a: Swampert|179/302
|-boost|p2a: Iron Moth|spa|1
|
|-heal|p1a: Swampert|197/302|[from] item: Leftovers
|upkeep
|turn|31
|inactive|HaunterBoy28 has 30 seconds left this turn.
|inactive|HaunterBoy28 has 20 seconds left.
|
|t:|1722903799
|move|p2a: Iron Moth|U-turn|p1a: Swampert
|-damage|p1a: Swampert|160/302
|inactive|HaunterBoy28 has 25 seconds left this turn.
|inactive|HaunterBoy28 has 20 seconds left.
|inactive|HaunterBoy28 has 15 seconds left.
|
|t:|1722903810
|-end|p2a: Iron Moth|Quark Drive|[silent]
|switch|p2a: Cinderace|Cinderace, L77, F|39/249 tox|[from] U-turn
|move|p1a: Swampert|Flip Turn|p2a: Cinderace
|-supereffective|p2a: Cinderace
|-damage|p2a: Cinderace|0 fnt
|faint|p2a: Cinderace
|inactive|HaunterBoy28 has 20 seconds left this turn.
|
|t:|1722903819
|switch|p1a: Umbreon|Umbreon, L84, M, tera:Poison|251/297 brn|[from] Flip Turn
|-damage|p1a: Umbreon|177/297 brn|[from] Spikes
|
|-heal|p1a: Umbreon|195/297 brn|[from] item: Leftovers
|-damage|p1a: Umbreon|177/297 brn|[from] brn
|upkeep
|inactive|HaunterBoy28 has 25 seconds left this turn.
|inactive|HaunterBoy28 has 20 seconds left.
|
|t:|1722903824
|switch|p2a: Iron Moth|Iron Moth, L78|161/253
|turn|32
|inactive|HaunterBoy28 has 30 seconds left this turn.
|
|t:|1722903829
|move|p2a: Iron Moth|Fiery Dance|p1a: Umbreon
|-damage|p1a: Umbreon|101/297 brn
|move|p1a: Umbreon|Wish|p1a: Umbreon
|
|-heal|p1a: Umbreon|119/297 brn|[from] item: Leftovers
|-damage|p1a: Umbreon|101/297 brn|[from] brn
|upkeep
|turn|33
|
|t:|1722903839
|switch|p1a: Swampert|Swampert, L83, F|160/302
|-damage|p1a: Swampert|85/302|[from] Spikes
|move|p2a: Iron Moth|Fiery Dance|p1a: Swampert
|-resisted|p1a: Swampert
|-damage|p1a: Swampert|37/302
|
|-heal|p1a: Swampert|185/302|[from] move: Wish|[wisher] Umbreon
|-heal|p1a: Swampert|203/302|[from] item: Leftovers
|upkeep
|turn|34
|j| zest242
|
|t:|1722903850
|move|p2a: Iron Moth|U-turn|p1a: Swampert
|-damage|p1a: Swampert|170/302
|
|t:|1722903855
|-end|p2a: Iron Moth|Quark Drive|[silent]
|switch|p2a: Vespiquen|Vespiquen, L98, F|137/296 tox|[from] U-turn
|-ability|p2a: Vespiquen|Pressure
|move|p1a: Swampert|Flip Turn|p2a: Vespiquen
|-damage|p2a: Vespiquen|79/296 tox
|
|t:|1722903867
|switch|p1a: Umbreon|Umbreon, L84, M, tera:Poison|101/297 brn|[from] Flip Turn
|-damage|p1a: Umbreon|27/297 brn|[from] Spikes
|
|-heal|p1a: Umbreon|45/297 brn|[from] item: Leftovers
|-damage|p2a: Vespiquen|61/296 tox|[from] psn
|-damage|p1a: Umbreon|27/297 brn|[from] brn
|upkeep
|turn|35
|
|t:|1722903876
|move|p1a: Umbreon|Wish|p1a: Umbreon
|move|p2a: Vespiquen|Hurricane|p1a: Umbreon|[miss]
|-miss|p2a: Vespiquen|p1a: Umbreon
|
|-heal|p1a: Umbreon|45/297 brn|[from] item: Leftovers
|-damage|p2a: Vespiquen|25/296 tox|[from] psn
|-damage|p1a: Umbreon|27/297 brn|[from] brn
|upkeep
|turn|36
|
|t:|1722903884
|switch|p2a: Iron Moth|Iron Moth, L78|161/253
|move|p1a: Umbreon|Protect||[still]
|-fail|p1a: Umbreon
|
|-heal|p1a: Umbreon|175/297 brn|[from] move: Wish|[wisher] Umbreon
|-heal|p1a: Umbreon|193/297 brn|[from] item: Leftovers
|-damage|p1a: Umbreon|175/297 brn|[from] brn
|upkeep
|turn|37
|
|t:|1722903888
|move|p2a: Iron Moth|Fiery Dance|p1a: Umbreon
|-crit|p1a: Umbreon
|-damage|p1a: Umbreon|67/297 brn
|-boost|p2a: Iron Moth|spa|1
|move|p1a: Umbreon|Wish|p1a: Umbreon
|
|-heal|p1a: Umbreon|85/297 brn|[from] item: Leftovers
|-damage|p1a: Umbreon|67/297 brn|[from] brn
|upkeep
|turn|38
|inactive|HaunterBoy28 has 60 seconds left.
|
|t:|1722903900
|switch|p1a: Swampert|Swampert, L83, F|170/302
|-damage|p1a: Swampert|95/302|[from] Spikes
|move|p2a: Iron Moth|Sludge Wave|p1a: Swampert
|-resisted|p1a: Swampert
|-damage|p1a: Swampert|8/302
|
|-heal|p1a: Swampert|156/302|[from] move: Wish|[wisher] Umbreon
|-heal|p1a: Swampert|174/302|[from] item: Leftovers
|upkeep
|turn|39
|inactive|HaunterBoy28 has 60 seconds left.
|
|t:|1722903912
|move|p2a: Iron Moth|U-turn|p1a: Swampert
|-damage|p1a: Swampert|141/302
|
|t:|1722903916
|-end|p2a: Iron Moth|Quark Drive|[silent]
|switch|p2a: Vespiquen|Vespiquen, L98, F|25/296 tox|[from] U-turn
|-ability|p2a: Vespiquen|Pressure
|move|p1a: Swampert|Earthquake|p2a: Vespiquen
|-immune|p2a: Vespiquen
|
|-heal|p1a: Swampert|159/302|[from] item: Leftovers
|-damage|p2a: Vespiquen|7/296 tox|[from] psn
|upkeep
|turn|40
|
|t:|1722903929
|switch|p2a: Manaphy|Manaphy, L78|143/284
|-damage|p2a: Manaphy|108/284|[from] Stealth Rock
|move|p1a: Swampert|Knock Off|p2a: Manaphy
|-damage|p2a: Manaphy|37/284
|-enditem|p2a: Manaphy|Leftovers|[from] move: Knock Off|[of] p1a: Swampert
|
|-heal|p1a: Swampert|177/302|[from] item: Leftovers
|upkeep
|turn|41
|
|t:|1722903934
|switch|p1a: Umbreon|Umbreon, L84, M, tera:Poison|67/297 brn
|-damage|p1a: Umbreon|0 fnt|[from] Spikes
|faint|p1a: Umbreon
|move|p2a: Manaphy|Energy Ball|p1: Umbreon|[notarget]
|-fail|p2a: Manaphy
|
|upkeep
|
|t:|1722903939
|switch|p1a: Crawdaunt|Crawdaunt, L84, M|243/243
|-damage|p1a: Crawdaunt|183/243|[from] Spikes
|turn|42
|
|t:|1722903961
|move|p2a: Manaphy|Energy Ball|p1a: Crawdaunt
|-supereffective|p1a: Crawdaunt
|-damage|p1a: Crawdaunt|23/243
|-unboost|p1a: Crawdaunt|spd|1
|move|p1a: Crawdaunt|Dragon Dance|p1a: Crawdaunt
|-boost|p1a: Crawdaunt|atk|1
|-boost|p1a: Crawdaunt|spe|1
|
|upkeep
|turn|43
|
|t:|1722903975
|move|p1a: Crawdaunt|Dragon Dance|p1a: Crawdaunt
|-boost|p1a: Crawdaunt|atk|1
|-boost|p1a: Crawdaunt|spe|1
|move|p2a: Manaphy|Energy Ball|p1a: Crawdaunt
|-supereffective|p1a: Crawdaunt
|-damage|p1a: Crawdaunt|0 fnt
|faint|p1a: Crawdaunt
|
|upkeep
|-message|kandkad forfeited.
|
|win|HaunterBoy28
|raw|kandkad's rating: 2499 &rarr; <strong>2479</strong><br />(-20 for losing)
|raw|HaunterBoy28's rating: 2501 &rarr; <strong>2521</strong><br />(+20 for winning)
|l|‽kandkad
|player|p1|
