|badge|p1|silver|gen9randombattle|30-2
|uhtml|medal-msg|<div class="broadcast-blue">Curious what those medals under the avatar are? PS now has Ladder Seasons! For more information, check out the <a href="https://www.smogon.com/forums/threads/3740067/">thread on Smogon.</a></div>
|badge|p2|silver|gen9randombattle|30-2
|uhtml|medal-msg|<div class="broadcast-blue">Curious what those medals under the avatar are? PS now has Ladder Seasons! For more information, check out the <a href="https://www.smogon.com/forums/threads/3740067/">thread on Smogon.</a></div>
|j|☆rblt hiye
|j|☆RBLT pokeblade101
|t:|1726447421
|gametype|singles
|player|p1|rblt hiye|170|2506
|player|p2|RBLT pokeblade101|#rbtt7teamchiyu|2526
|teamsize|p1|6
|teamsize|p2|6
|gen|9
|tier|[Gen 9] Random Battle
|rated|
|rule|Species Clause: Limit one of each Pokémon
|rule|HP Percentage Mod: HP is shown in percentages
|rule|Sleep Clause Mod: Limit one foe put to sleep
|rule|Illusion Level Mod: Illusion disguises the Pokémon's true level
|
|t:|1726447421
|start
|switch|p1a: Espeon|Espeon, L84, F|246/246
|switch|p2a: Dudunsparce|Dudunsparce, L82, F|339/339
|turn|1
|j|+Pulse_kS
|j| RBLT raulcan
|j| rblt L
|j|+chemcoop
|c| rblt L|go blade
|
|t:|1726447472
|switch|p2a: Greninja|Greninja, L80, M|246/246
|move|p1a: Espeon|Calm Mind|p1a: Espeon
|-boost|p1a: Espeon|spa|1
|-boost|p1a: Espeon|spd|1
|
|upkeep
|turn|2
|j| all my fellas
|c|+Pulse_kS|in solidarity of my homeboy ghostilex, and to restore balance to chat: go hiye
|
|t:|1726447514
|move|p2a: Greninja|U-turn|p1a: Espeon
|-start|p2a: Greninja|typechange|Bug|[from] ability: Protean
|-supereffective|p1a: Espeon
|-damage|p1a: Espeon|28/246
|-damage|p2a: Greninja|222/246|[from] item: Life Orb
|j| RBLT Freezai
|
|t:|1726447524
|switch|p2a: Donphan|Donphan, L84, F|288/288|[from] U-turn
|move|p1a: Espeon|Psyshock|p2a: Donphan
|-damage|p2a: Donphan|139/288
|-damage|p1a: Espeon|4/246|[from] item: Life Orb
|
|-heal|p2a: Donphan|157/288|[from] item: Leftovers
|upkeep
|turn|3
|
|t:|1726447536
|switch|p1a: Swanna|Swanna, L88, M|275/275
|move|p2a: Donphan|Ice Shard|p1a: Swanna
|-damage|p1a: Swanna|235/275
|
|-heal|p2a: Donphan|175/288|[from] item: Leftovers
|upkeep
|turn|4
|
|t:|1726447541
|switch|p2a: Dudunsparce|Dudunsparce, L82, F|339/339
|move|p1a: Swanna|Hydro Pump|p2a: Dudunsparce
|-damage|p2a: Dudunsparce|192/339
|
|-heal|p2a: Dudunsparce|213/339|[from] item: Leftovers
|upkeep
|turn|5
|
|t:|1726447560
|switch|p1a: Toxicroak|Toxicroak, L84, F|277/277
|move|p2a: Dudunsparce|Roost|p2a: Dudunsparce
|-heal|p2a: Dudunsparce|339/339
|-singleturn|p2a: Dudunsparce|move: Roost
|
|upkeep
|turn|6
|j| Revival Tour
|
|t:|1726447576
|switch|p2a: Donphan|Donphan, L84, F|175/288
|move|p1a: Toxicroak|Close Combat|p2a: Donphan
|-damage|p2a: Donphan|33/288
|-unboost|p1a: Toxicroak|def|1
|-unboost|p1a: Toxicroak|spd|1
|-damage|p1a: Toxicroak|250/277|[from] item: Life Orb
|
|-heal|p2a: Donphan|51/288|[from] item: Leftovers
|upkeep
|turn|7
|
|t:|1726447596
|move|p2a: Donphan|Ice Shard|p1a: Toxicroak
|-damage|p1a: Toxicroak|183/277
|move|p1a: Toxicroak|Knock Off|p2a: Donphan
|-damage|p2a: Donphan|0 fnt
|-enditem|p2a: Donphan|Leftovers|[from] move: Knock Off|[of] p1a: Toxicroak
|faint|p2a: Donphan
|-damage|p1a: Toxicroak|156/277|[from] item: Life Orb
|
|upkeep
|
|t:|1726447608
|switch|p2a: Ribombee|Ribombee, L82, M|233/233
|turn|8
|
|t:|1726447617
|switch|p1a: Espeon|Espeon, L84, F|4/246
|move|p2a: Ribombee|Moonblast|p1a: Espeon
|-damage|p1a: Espeon|0 fnt
|faint|p1a: Espeon
|
|upkeep
|
|t:|1726447622
|switch|p1a: Kilowattrel|Kilowattrel, L83, M|252/252
|turn|9
|inactive|Battle timer is ON: inactive players will automatically lose when time's up. (requested by rblt hiye)
|
|t:|1726447645
|switch|p2a: Dudunsparce|Dudunsparce, L82, F|339/339
|move|p1a: Kilowattrel|Hurricane|p2a: Dudunsparce
|-crit|p2a: Dudunsparce
|-damage|p2a: Dudunsparce|125/339
|
|-heal|p2a: Dudunsparce|146/339|[from] item: Leftovers
|upkeep
|turn|10
|
|t:|1726447658
|move|p1a: Kilowattrel|U-turn|p2a: Dudunsparce
|-damage|p2a: Dudunsparce|103/339
|-ability|p2a: Dudunsparce|Rattled|boost
|-boost|p2a: Dudunsparce|spe|1
|j| rb LTG99
|
|t:|1726447677
|switch|p1a: Latias|Latias, L79, F|256/256|[from] U-turn
|move|p2a: Dudunsparce|Roost|p2a: Dudunsparce
|-heal|p2a: Dudunsparce|273/339
|-singleturn|p2a: Dudunsparce|move: Roost
|
|-heal|p2a: Dudunsparce|294/339|[from] item: Leftovers
|upkeep
|turn|11
|j| babyboyblues
|
|t:|1726447704
|switch|p2a: Revavroom|Revavroom, L79, F|256/256
|move|p1a: Latias|Calm Mind|p1a: Latias
|-boost|p1a: Latias|spa|1
|-boost|p1a: Latias|spd|1
|
|upkeep
|turn|12
|n| LoSconosciuto|rbltl
|
|t:|1726447722
|-terastallize|p1a: Latias|Steel
|move|p1a: Latias|Psyshock|p2a: Revavroom
|-damage|p2a: Revavroom|96/256
|move|p2a: Revavroom|Shift Gear|p2a: Revavroom
|-boost|p2a: Revavroom|spe|2
|-boost|p2a: Revavroom|atk|1
|
|upkeep
|turn|13
|
|t:|1726447729
|move|p2a: Revavroom|Iron Head|p1a: Latias
|-resisted|p1a: Latias
|-damage|p1a: Latias|162/256
|-damage|p2a: Revavroom|71/256|[from] item: Life Orb
|cant|p1a: Latias|flinch
|
|upkeep
|turn|14
|
|t:|1726447732
|move|p2a: Revavroom|Iron Head|p1a: Latias
|-resisted|p1a: Latias
|-damage|p1a: Latias|75/256
|-damage|p2a: Revavroom|46/256|[from] item: Life Orb
|cant|p1a: Latias|flinch
|
|upkeep
|turn|15
|
|t:|1726447741
|switch|p1a: Swanna|Swanna, L88, M|235/275
|move|p2a: Revavroom|Iron Head|p1a: Swanna
|-resisted|p1a: Swanna
|-damage|p1a: Swanna|130/275
|-damage|p2a: Revavroom|21/256|[from] item: Life Orb
|
|upkeep
|turn|16
|
|t:|1726447749
|move|p2a: Revavroom|Gunk Shot|p1a: Swanna|[miss]
|-miss|p2a: Revavroom|p1a: Swanna
|move|p1a: Swanna|Brave Bird|p2a: Revavroom
|-resisted|p2a: Revavroom
|-damage|p2a: Revavroom|0 fnt
|faint|p2a: Revavroom
|-damage|p1a: Swanna|123/275|[from] Recoil
|
|upkeep
|
|t:|1726447754
|switch|p2a: Cloyster|Cloyster, L79, F|209/209
|turn|17
|
|t:|1726447780
|move|p1a: Swanna|Hydro Pump|p2a: Cloyster
|-resisted|p2a: Cloyster
|-damage|p2a: Cloyster|102/209
|move|p2a: Cloyster|Shell Smash|p2a: Cloyster
|-unboost|p2a: Cloyster|def|1
|-unboost|p2a: Cloyster|spd|1
|-boost|p2a: Cloyster|atk|2
|-boost|p2a: Cloyster|spa|2
|-boost|p2a: Cloyster|spe|2
|-enditem|p2a: Cloyster|White Herb
|-clearnegativeboost|p2a: Cloyster|[silent]
|
|upkeep
|turn|18
|c|☆rblt hiye|good stuff man
|
|t:|1726447792
|move|p2a: Cloyster|Icicle Spear|p1a: Swanna
|-damage|p1a: Swanna|66/275
|-damage|p1a: Swanna|9/275
|-damage|p1a: Swanna|0 fnt
|faint|p1a: Swanna
|-hitcount|p1: Swanna|3
|
|upkeep
|
|t:|1726447801
|switch|p1a: Brute Bonnet|Brute Bonnet, L81|312/312
|turn|19
|c|☆RBLT pokeblade101|yeah uh only way out my dude
|
|t:|1726447805
|move|p1a: Brute Bonnet|Sucker Punch|p2a: Cloyster
|-damage|p2a: Cloyster|50/209
|move|p2a: Cloyster|Icicle Spear|p1a: Brute Bonnet
|-supereffective|p1a: Brute Bonnet
|-damage|p1a: Brute Bonnet|220/312
|-supereffective|p1a: Brute Bonnet
|-damage|p1a: Brute Bonnet|130/312
|-supereffective|p1a: Brute Bonnet
|-damage|p1a: Brute Bonnet|46/312
|-supereffective|p1a: Brute Bonnet
|-crit|p1a: Brute Bonnet
|-damage|p1a: Brute Bonnet|0 fnt
|faint|p1a: Brute Bonnet
|-end|p1a: Brute Bonnet|Protosynthesis|[silent]
|-hitcount|p1: Brute Bonnet|4
|
|upkeep
|j| sealed ruins
|c|☆RBLT pokeblade101|tera steel latias just wins vs this team
|l| all my fellas
|
|t:|1726447823
|switch|p1a: Latias|Latias, L79, F, tera:Steel|75/256
|turn|20
|j| DottoreIsHot
|
|t:|1726447831
|move|p2a: Cloyster|Icicle Spear|p1a: Latias
|-resisted|p1a: Latias
|-damage|p1a: Latias|52/256
|-resisted|p1a: Latias
|-damage|p1a: Latias|28/256
|-resisted|p1a: Latias
|-damage|p1a: Latias|1/256
|-resisted|p1a: Latias
|-damage|p1a: Latias|0 fnt
|faint|p1a: Latias
|-hitcount|p1: Latias|4
|
|upkeep
|j| roxstarlyfe
|j| RBLT Unstoppable
|inactive|rblt hiye has 120 seconds left.
|-message|rblt hiye forfeited.
|
|win|RBLT pokeblade101
|raw|rblt hiye's rating: 2506 &rarr; <strong>2487</strong><br />(-19 for losing)
|raw|RBLT pokeblade101's rating: 2526 &rarr; <strong>2545</strong><br />(+19 for winning)
|l|☆rblt hiye
|player|p1|
|l| RBLT raulcan
|l| sealed ruins
|l| rb LTG99
|l| roxstarlyfe
|l| Revival Tour
|l| LoSconosciuto
|l| RBLT Unstoppable
|l|+chemcoop
|j| sealed ruins
|l| sealed ruins
|l|+Pulse_kS
