|badge|p1|bronze|gen9randombattle|100-2
|uhtml|medal-msg|<div class="broadcast-blue">Curious what those medals under the avatar are? PS now has Ladder Seasons! For more information, check out the <a href="https://www.smogon.com/forums/threads/3740067/">thread on Smogon.</a></div>
|badge|p2|silver|gen9randombattle|30-2
|uhtml|medal-msg|<div class="broadcast-blue">Curious what those medals under the avatar are? PS now has Ladder Seasons! For more information, check out the <a href="https://www.smogon.com/forums/threads/3740067/">thread on Smogon.</a></div>
|raw|<div class="broadcast-blue"><strong>This battle is required to be public due to a player having a name starting with 'rblt'.</div>
|j|☆RBLT Pokevin
|j|☆rblt lw
|t:|1726453894
|gametype|singles
|player|p1|RBLT Pokevin|n-masters|2466
|player|p2|rblt lw|bertha|2542
|teamsize|p1|6
|teamsize|p2|6
|gen|9
|tier|[Gen 9] Random Battle
|rated|
|rule|Species Clause: Limit one of each Pokémon
|rule|HP Percentage Mod: HP is shown in percentages
|rule|Sleep Clause Mod: Limit one foe put to sleep
|rule|Illusion Level Mod: Illusion disguises the Pokémon's true level
|
|t:|1726453894
|start
|switch|p1a: Pachirisu|Pachirisu, L96, M|271/271
|switch|p2a: Eternatus|Eternatus, L69|308/308
|-ability|p2a: Eternatus|Pressure
|turn|1
|inactive|Battle timer is ON: inactive players will automatically lose when time's up. (requested by rblt lw)
|
|t:|1726453913
|switch|p2a: Zebstrika|Zebstrika, L87, M|272/272
|move|p1a: Pachirisu|Super Fang|p2a: Zebstrika
|-damage|p2a: Zebstrika|136/272
|
|upkeep
|turn|2
|
|t:|1726453921
|switch|p1a: Sandslash|Sandslash, L88, M|275/275
|move|p2a: Zebstrika|Overheat|p1a: Sandslash
|-damage|p1a: Sandslash|127/275
|-unboost|p2a: Zebstrika|spa|2
|-damage|p2a: Zebstrika|109/272|[from] item: Life Orb
|
|-heal|p1a: Sandslash|144/275|[from] item: Leftovers
|upkeep
|turn|3
|
|t:|1726453933
|switch|p2a: Calyrex|Calyrex, L93|337/337
|-ability|p2a: Calyrex|Unnerve
|move|p1a: Sandslash|Spikes|p2a: Calyrex
|-sidestart|p2: rblt lw|Spikes
|
|-heal|p1a: Sandslash|161/275|[from] item: Leftovers
|upkeep
|turn|4
|j| Acp123
|j| RBLT yerdunc
|
|t:|1726453943
|switch|p1a: Pachirisu|Pachirisu, L96, M|271/271
|move|p2a: Calyrex|Psychic|p1a: Pachirisu
|-damage|p1a: Pachirisu|187/271
|
|upkeep
|turn|5
|
|t:|1726453948
|move|p1a: Pachirisu|U-turn|p2a: Calyrex
|-supereffective|p2a: Calyrex
|-damage|p2a: Calyrex|181/337
|j| Relinqu1shed
|l| Acp123
|
|t:|1726453972
|switch|p1a: Toucannon|Toucannon, L88, F|284/284|[from] U-turn
|move|p2a: Calyrex|Giga Drain|p1a: Toucannon
|-resisted|p1a: Toucannon
|-damage|p1a: Toucannon|237/284
|-heal|p2a: Calyrex|205/337|[from] drain|[of] p1a: Toucannon
|
|-heal|p2a: Calyrex|226/337|[from] item: Leftovers
|upkeep
|turn|6
|j| rb LTG99
|j| RBLT Unstoppable
|
|t:|1726453983
|switch|p2a: Cresselia|Cresselia, L80, F|323/323
|-singleturn|p1a: Toucannon|move: Beak Blast
|move|p1a: Toucannon|Beak Blast|p2a: Cresselia
|-damage|p2a: Cresselia|199/323
|
|-heal|p2a: Cresselia|219/323|[from] item: Leftovers
|upkeep
|turn|7
|
|t:|1726453989
|move|p2a: Cresselia|Psyshock|p1a: Toucannon
|-damage|p1a: Toucannon|168/284
|move|p1a: Toucannon|Knock Off|p2a: Cresselia
|-supereffective|p2a: Cresselia
|-damage|p2a: Cresselia|65/323
|-enditem|p2a: Cresselia|Leftovers|[from] move: Knock Off|[of] p1a: Toucannon
|
|upkeep
|turn|8
|j| RBLT Ilex
|
|t:|1726453994
|move|p2a: Cresselia|Moonlight|p2a: Cresselia
|-heal|p2a: Cresselia|226/323
|move|p1a: Toucannon|Roost|p1a: Toucannon
|-heal|p1a: Toucannon|284/284
|-singleturn|p1a: Toucannon|move: Roost
|
|upkeep
|turn|9
|l| RBLT Unstoppable
|j|+Pulse_kS
|
|t:|1726454001
|switch|p1a: Pachirisu|Pachirisu, L96, M|187/271
|move|p2a: Cresselia|Psyshock|p1a: Pachirisu
|-damage|p1a: Pachirisu|115/271
|
|upkeep
|turn|10
|j| RBLT pokeblade101
|c| RBLT pokeblade101|hm
|
|t:|1726454015
|switch|p2a: Zebstrika|Zebstrika, L87, M|109/272
|-damage|p2a: Zebstrika|75/272|[from] Spikes
|move|p1a: Pachirisu|Super Fang|p2a: Zebstrika
|-damage|p2a: Zebstrika|38/272
|
|upkeep
|turn|11
|j| RBLT HB28
|
|t:|1726454031
|switch|p1a: Sandslash|Sandslash, L88, M|161/275
|move|p2a: Zebstrika|Overheat|p1a: Sandslash
|-damage|p1a: Sandslash|26/275
|-unboost|p2a: Zebstrika|spa|2
|-damage|p2a: Zebstrika|11/272|[from] item: Life Orb
|
|-heal|p1a: Sandslash|43/275|[from] item: Leftovers
|upkeep
|turn|12
|j| RBLT Unstoppable
|j| chicosigma
|j| Fant'sy Beast
|inactive|RBLT Pokevin has 120 seconds left.
|
|t:|1726454058
|move|p2a: Zebstrika|High Horsepower|p1a: Sandslash
|-damage|p1a: Sandslash|0 fnt
|faint|p1a: Sandslash
|-damage|p2a: Zebstrika|0 fnt|[from] item: Life Orb
|faint|p2a: Zebstrika
|
|upkeep
|inactive|RBLT Pokevin has 120 seconds left.
|
|t:|1726454070
|switch|p2a: Froslass|Froslass, L87, F|263/263
|switch|p1a: Pachirisu|Pachirisu, L96, M|115/271
|-damage|p2a: Froslass|231/263|[from] Spikes
|turn|13
|
|t:|1726454079
|switch|p1a: Corviknight|Corviknight, L80, M|288/288
|-ability|p1a: Corviknight|Pressure
|move|p2a: Froslass|Triple Axel|p1a: Corviknight
|-damage|p1a: Corviknight|270/288
|-damage|p2a: Froslass|188/263|[from] item: Rocky Helmet|[of] p1a: Corviknight
|-damage|p1a: Corviknight|237/288
|-damage|p2a: Froslass|145/263|[from] item: Rocky Helmet|[of] p1a: Corviknight
|-damage|p1a: Corviknight|177/288
|-damage|p2a: Froslass|102/263|[from] item: Rocky Helmet|[of] p1a: Corviknight
|-hitcount|p1a: Corviknight|3
|
|upkeep
|turn|14
|
|t:|1726454091
|move|p2a: Froslass|Spikes|p1a: Corviknight
|-sidestart|p1: RBLT Pokevin|Spikes
|move|p1a: Corviknight|Roost|p1a: Corviknight
|-heal|p1a: Corviknight|288/288
|-singleturn|p1a: Corviknight|move: Roost
|
|upkeep
|turn|15
|
|t:|1726454097
|switch|p2a: Cresselia|Cresselia, L80, F|226/323
|move|p1a: Corviknight|Brave Bird|p2a: Cresselia
|-damage|p2a: Cresselia|136/323
|-damage|p1a: Corviknight|258/288|[from] Recoil
|
|upkeep
|turn|16
|j| Casual dot exe
|
|t:|1726454106
|switch|p1a: Maushold|Maushold-Four, L76|238/238
|-damage|p1a: Maushold|209/238|[from] Spikes
|move|p2a: Cresselia|Moonlight|p2a: Cresselia
|-heal|p2a: Cresselia|297/323
|
|upkeep
|turn|17
|
|t:|1726454113
|switch|p2a: Eternatus|Eternatus, L69|308/308
|-damage|p2a: Eternatus|270/308|[from] Spikes
|-ability|p2a: Eternatus|Pressure
|move|p1a: Maushold|Encore||[still]
|-fail|p1a: Maushold
|
|upkeep
|turn|18
|l| RBLT Unstoppable
|
|t:|1726454144
|switch|p1a: Pachirisu|Pachirisu, L96, M|115/271
|move|p2a: Eternatus|Dynamax Cannon|p1a: Pachirisu
|-damage|p1a: Pachirisu|21/271
|
|upkeep
|turn|19
|
|t:|1726454151
|switch|p2a: Calyrex|Calyrex, L93|226/337
|-ability|p2a: Calyrex|Unnerve
|-damage|p2a: Calyrex|184/337|[from] Spikes
|move|p1a: Pachirisu|Discharge|p2a: Calyrex
|-resisted|p2a: Calyrex
|-damage|p2a: Calyrex|154/337
|
|-heal|p2a: Calyrex|175/337|[from] item: Leftovers
|upkeep
|turn|20
|
|t:|1726454158
|switch|p2a: Eternatus|Eternatus, L69|270/308
|-damage|p2a: Eternatus|232/308|[from] Spikes
|-ability|p2a: Eternatus|Pressure
|move|p1a: Pachirisu|U-turn|p2a: Eternatus
|-resisted|p2a: Eternatus
|-damage|p2a: Eternatus|210/308
|-damage|p1a: Pachirisu|0 fnt|[from] item: Rocky Helmet|[of] p2a: Eternatus
|faint|p1a: Pachirisu
|
|upkeep
|
|t:|1726454163
|switch|p1a: Toucannon|Toucannon, L88, F|284/284
|turn|21
|l| chicosigma
|
|t:|1726454180
|switch|p2a: Cresselia|Cresselia, L80, F|297/323
|move|p1a: Toucannon|Boomburst|p2a: Cresselia
|-damage|p2a: Cresselia|179/323
|
|upkeep
|turn|22
|n| RBLT fraudsual|casualdotexe
|
|t:|1726454198
|move|p2a: Cresselia|Moonlight|p2a: Cresselia
|-heal|p2a: Cresselia|323/323
|move|p1a: Toucannon|Knock Off|p2a: Cresselia
|-supereffective|p2a: Cresselia
|-damage|p2a: Cresselia|211/323
|
|upkeep
|turn|23
|
|t:|1726454201
|switch|p1a: Bellossom|Bellossom, L84, M|263/263
|-damage|p1a: Bellossom|231/263|[from] Spikes
|move|p2a: Cresselia|Thunderbolt|p1a: Bellossom
|-resisted|p1a: Bellossom
|-damage|p1a: Bellossom|210/263
|
|-heal|p1a: Bellossom|226/263|[from] item: Leftovers
|upkeep
|turn|24
|
|t:|1726454210
|switch|p2a: Froslass|Froslass, L87, F|102/263
|-damage|p2a: Froslass|70/263|[from] Spikes
|move|p1a: Bellossom|Quiver Dance|p1a: Bellossom
|-boost|p1a: Bellossom|spa|1
|-boost|p1a: Bellossom|spd|1
|-boost|p1a: Bellossom|spe|1
|
|-heal|p1a: Bellossom|242/263|[from] item: Leftovers
|upkeep
|turn|25
|j| RBLT Unstoppable
|inactive|RBLT Pokevin has 120 seconds left.
|
|t:|1726454246
|-terastallize|p1a: Bellossom|Poison
|move|p2a: Froslass|Triple Axel|p1a: Bellossom
|-damage|p1a: Bellossom|221/263
|-damage|p1a: Bellossom|185/263
|-damage|p1a: Bellossom|128/263
|-hitcount|p1a: Bellossom|3
|move|p1a: Bellossom|Quiver Dance|p1a: Bellossom
|-boost|p1a: Bellossom|spa|1
|-boost|p1a: Bellossom|spd|1
|-boost|p1a: Bellossom|spe|1
|
|-heal|p1a: Bellossom|144/263|[from] item: Leftovers
|upkeep
|turn|26
|inactive|RBLT Pokevin has 120 seconds left.
|
|t:|1726454261
|move|p1a: Bellossom|Strength Sap|p2a: Froslass
|-unboost|p2a: Froslass|atk|1
|-heal|p1a: Bellossom|263/263
|move|p2a: Froslass|Taunt|p1a: Bellossom
|-start|p1a: Bellossom|move: Taunt
|
|upkeep
|turn|27
|
|t:|1726454281
|switch|p2a: Eternatus|Eternatus, L69|210/308
|-damage|p2a: Eternatus|172/308|[from] Spikes
|-ability|p2a: Eternatus|Pressure
|move|p1a: Bellossom|Giga Drain|p2a: Eternatus
|-resisted|p2a: Eternatus
|-damage|p2a: Eternatus|126/308
|
|upkeep
|turn|28
|
|t:|1726454286
|move|p1a: Bellossom|Giga Drain|p2a: Eternatus
|-resisted|p2a: Eternatus
|-damage|p2a: Eternatus|83/308
|move|p2a: Eternatus|Recover|p2a: Eternatus
|-heal|p2a: Eternatus|237/308
|
|upkeep
|turn|29
|j|+chemcoop
|
|t:|1726454291
|switch|p2a: Calyrex|Calyrex, L93|175/337
|-ability|p2a: Calyrex|Unnerve
|-damage|p2a: Calyrex|133/337|[from] Spikes
|move|p1a: Bellossom|Giga Drain|p2a: Calyrex
|-resisted|p2a: Calyrex
|-damage|p2a: Calyrex|61/337
|
|-heal|p2a: Calyrex|82/337|[from] item: Leftovers
|-end|p1a: Bellossom|move: Taunt
|upkeep
|turn|30
|
|t:|1726454298
|move|p1a: Bellossom|Giga Drain|p2a: Calyrex
|-resisted|p2a: Calyrex
|-damage|p2a: Calyrex|16/337
|move|p2a: Calyrex|Encore|p1a: Bellossom
|-start|p1a: Bellossom|Encore
|
|-heal|p2a: Calyrex|37/337|[from] item: Leftovers
|upkeep
|turn|31
|l| Relinqu1shed
|
|t:|1726454305
|move|p1a: Bellossom|Giga Drain|p2a: Calyrex
|-resisted|p2a: Calyrex
|-damage|p2a: Calyrex|0 fnt
|faint|p2a: Calyrex
|
|upkeep
|
|t:|1726454322
|switch|p2a: Cresselia|Cresselia, L80, F|211/323
|turn|32
|
|t:|1726454344
|switch|p1a: Maushold|Maushold-Four, L76|209/238
|-damage|p1a: Maushold|180/238|[from] Spikes
|move|p2a: Cresselia|Calm Mind|p2a: Cresselia
|-boost|p2a: Cresselia|spa|1
|-boost|p2a: Cresselia|spd|1
|
|upkeep
|turn|33
|n| rb LTG99|rbltg99
|
|t:|1726454356
|move|p1a: Maushold|Encore|p2a: Cresselia
|-start|p2a: Cresselia|Encore
|move|p2a: Cresselia|Calm Mind|p2a: Cresselia
|-boost|p2a: Cresselia|spa|1
|-boost|p2a: Cresselia|spd|1
|
|upkeep
|turn|34
|
|t:|1726454360
|switch|p2a: Froslass|Froslass, L87, F|70/263
|-damage|p2a: Froslass|38/263|[from] Spikes
|move|p1a: Maushold|Tidy Up|p1a: Maushold
|-sideend|p1: RBLT Pokevin|Spikes
|-sideend|p2: rblt lw|Spikes
|-activate|p1a: Maushold|move: Tidy Up
|-boost|p1a: Maushold|atk|1
|-boost|p1a: Maushold|spe|1
|
|upkeep
|turn|35
|
|t:|1726454377
|switch|p2a: Eternatus|Eternatus, L69|237/308
|-ability|p2a: Eternatus|Pressure
|move|p1a: Maushold|Bite|p2a: Eternatus
|-damage|p2a: Eternatus|167/308
|-damage|p1a: Maushold|141/238|[from] item: Rocky Helmet|[of] p2a: Eternatus
|
|upkeep
|turn|36
|
|t:|1726454383
|switch|p2a: Froslass|Froslass, L87, F|38/263
|move|p1a: Maushold|Population Bomb|p2a: Froslass
|-immune|p2a: Froslass
|
|upkeep
|turn|37
|
|t:|1726454387
|switch|p2a: Eternatus|Eternatus, L69|167/308
|-ability|p2a: Eternatus|Pressure
|move|p1a: Maushold|Bite|p2a: Eternatus
|-damage|p2a: Eternatus|88/308
|-damage|p1a: Maushold|102/238|[from] item: Rocky Helmet|[of] p2a: Eternatus
|
|upkeep
|turn|38
|
|t:|1726454395
|move|p1a: Maushold|Population Bomb|p2a: Eternatus
|-damage|p2a: Eternatus|52/308
|-damage|p1a: Maushold|63/238|[from] item: Rocky Helmet|[of] p2a: Eternatus
|-damage|p2a: Eternatus|18/308
|-damage|p1a: Maushold|24/238|[from] item: Rocky Helmet|[of] p2a: Eternatus
|-damage|p2a: Eternatus|0 fnt
|-damage|p1a: Maushold|0 fnt|[from] item: Rocky Helmet|[of] p2a: Eternatus
|faint|p2a: Eternatus
|faint|p1a: Maushold
|-hitcount|p2: Eternatus|3
|
|upkeep
|
|t:|1726454411
|switch|p2a: Cresselia|Cresselia, L80, F|211/323
|switch|p1a: Bellossom|Bellossom, L84, M, tera:Poison|263/263
|turn|39
|
|t:|1726454415
|move|p2a: Cresselia|Calm Mind|p2a: Cresselia
|-boost|p2a: Cresselia|spa|1
|-boost|p2a: Cresselia|spd|1
|move|p1a: Bellossom|Quiver Dance|p1a: Bellossom
|-boost|p1a: Bellossom|spa|1
|-boost|p1a: Bellossom|spd|1
|-boost|p1a: Bellossom|spe|1
|
|upkeep
|turn|40
|
|t:|1726454421
|move|p1a: Bellossom|Sleep Powder|p2a: Cresselia
|-status|p2a: Cresselia|slp|[from] move: Sleep Powder
|cant|p2a: Cresselia|slp
|
|upkeep
|turn|41
|
|t:|1726454424
|move|p1a: Bellossom|Quiver Dance|p1a: Bellossom
|-boost|p1a: Bellossom|spa|1
|-boost|p1a: Bellossom|spd|1
|-boost|p1a: Bellossom|spe|1
|cant|p2a: Cresselia|slp
|
|upkeep
|turn|42
|
|t:|1726454429
|move|p1a: Bellossom|Quiver Dance|p1a: Bellossom
|-boost|p1a: Bellossom|spa|1
|-boost|p1a: Bellossom|spd|1
|-boost|p1a: Bellossom|spe|1
|-curestatus|p2a: Cresselia|slp|[msg]
|move|p2a: Cresselia|Moonlight|p2a: Cresselia
|-heal|p2a: Cresselia|323/323
|
|upkeep
|turn|43
|
|t:|1726454433
|move|p1a: Bellossom|Sleep Powder|p2a: Cresselia
|-status|p2a: Cresselia|slp|[from] move: Sleep Powder
|cant|p2a: Cresselia|slp
|
|upkeep
|turn|44
|
|t:|1726454437
|move|p1a: Bellossom|Quiver Dance|p1a: Bellossom
|-boost|p1a: Bellossom|spa|1
|-boost|p1a: Bellossom|spd|1
|-boost|p1a: Bellossom|spe|1
|cant|p2a: Cresselia|slp
|
|upkeep
|turn|45
|
|t:|1726454469
|move|p1a: Bellossom|Quiver Dance|p1a: Bellossom
|-boost|p1a: Bellossom|spa|1
|-boost|p1a: Bellossom|spd|1
|-boost|p1a: Bellossom|spe|1
|-curestatus|p2a: Cresselia|slp|[msg]
|move|p2a: Cresselia|Calm Mind|p2a: Cresselia
|-boost|p2a: Cresselia|spa|1
|-boost|p2a: Cresselia|spd|1
|
|upkeep
|turn|46
|
|t:|1726454472
|move|p1a: Bellossom|Sleep Powder|p2a: Cresselia
|-status|p2a: Cresselia|slp|[from] move: Sleep Powder
|cant|p2a: Cresselia|slp
|
|upkeep
|turn|47
|j| RBLT raulcan
|
|t:|1726454483
|move|p1a: Bellossom|Quiver Dance|p1a: Bellossom
|-boost|p1a: Bellossom|spa|1
|-boost|p1a: Bellossom|spd|1
|-boost|p1a: Bellossom|spe|1
|cant|p2a: Cresselia|slp
|
|upkeep
|turn|48
|
|t:|1726454494
|move|p1a: Bellossom|Giga Drain|p2a: Cresselia
|-damage|p2a: Cresselia|190/323 slp
|-curestatus|p2a: Cresselia|slp|[msg]
|move|p2a: Cresselia|Calm Mind|p2a: Cresselia
|-boost|p2a: Cresselia|spa|1
|-boost|p2a: Cresselia|spd|1
|
|upkeep
|turn|49
|
|t:|1726454497
|move|p1a: Bellossom|Sleep Powder|p2a: Cresselia
|-status|p2a: Cresselia|slp|[from] move: Sleep Powder
|cant|p2a: Cresselia|slp
|
|upkeep
|turn|50
|
|t:|1726454500
|move|p1a: Bellossom|Giga Drain|p2a: Cresselia
|-damage|p2a: Cresselia|94/323 slp
|cant|p2a: Cresselia|slp
|
|upkeep
|turn|51
|
|t:|1726454503
|move|p1a: Bellossom|Giga Drain|p2a: Cresselia
|-damage|p2a: Cresselia|0 fnt
|faint|p2a: Cresselia
|
|upkeep
|c|☆rblt lw|lmao
|c|☆rblt lw|ok
|-message|rblt lw forfeited.
|
|win|RBLT Pokevin
|raw|RBLT Pokevin's rating: 2466 &rarr; <strong>2490</strong><br />(+24 for winning)
|raw|rblt lw's rating: 2542 &rarr; <strong>2518</strong><br />(-24 for losing)
|l|☆rblt lw
|player|p2|
