|badge|p1|silver|gen9randombattle|30-6
|uhtml|medal-msg|<div class="broadcast-blue">Curious what those medals under the avatar are? PS now has Ladder Seasons! For more information, check out the <a href="https://www.smogon.com/forums/threads/3740067/">thread on Smogon.</a></div>
|badge|p2|silver|gen9randombattle|30-6
|uhtml|medal-msg|<div class="broadcast-blue">Curious what those medals under the avatar are? PS now has Ladder Seasons! For more information, check out the <a href="https://www.smogon.com/forums/threads/3740067/">thread on Smogon.</a></div>
|j|☆Batram
|j|☆Aqua
|t:|1751921391
|gametype|singles
|player|p1|Batram|101|2515
|player|p2|Aqua|#rbtt6teamlatiasf|2488
|gen|9
|tier|[Gen 9] Random Battle
|rated|
|rule|Species Clause: Limit one of each Pokémon
|rule|HP Percentage Mod: HP is shown in percentages
|rule|Sleep Clause Mod: Limit one foe put to sleep
|rule|Illusion Level Mod: Illusion disguises the Pokémon's true level
|
|t:|1751921391
|teamsize|p1|6
|teamsize|p2|6
|start
|switch|p1a: Cacturne|Cacturne, L92, M|278/278
|switch|p2a: Dunsparce|Dunsparce, L86, F|312/312
|turn|1
|
|t:|1751921408
|move|p1a: Cacturne|Swords Dance|p1a: Cacturne
|-boost|p1a: Cacturne|atk|2
|move|p2a: Dunsparce|Body Slam|p1a: Cacturne
|-damage|p1a: Cacturne|190/278
|-status|p1a: Cacturne|par
|
|upkeep
|turn|2
|
|t:|1751921416
|switch|p2a: Azumarill|Azumarill, L82, F|298/298
|move|p1a: Cacturne|Drain Punch|p2a: Azumarill
|-resisted|p2a: Azumarill
|-damage|p2a: Azumarill|193/298
|-heal|p1a: Cacturne|243/278 par|[from] drain|[of] p2a: Azumarill
|-damage|p1a: Cacturne|216/278 par|[from] item: Life Orb
|
|upkeep
|turn|3
|
|t:|1751921426
|cant|p1a: Cacturne|par
|move|p2a: Azumarill|Play Rough|p1a: Cacturne
|-supereffective|p1a: Cacturne
|-damage|p1a: Cacturne|0 fnt
|faint|p1a: Cacturne
|
|upkeep
|
|t:|1751921431
|switch|p1a: Corviknight|Corviknight, L80, F|288/288
|turn|4
|
|t:|1751921437
|switch|p2a: Pecharunt|Pecharunt, L77|262/262
|move|p1a: Corviknight|U-turn|p2a: Pecharunt
|-resisted|p2a: Pecharunt
|-damage|p2a: Pecharunt|255/262
|
|t:|1751921446
|switch|p1a: Milotic|Milotic, L83, F|293/293|[from] U-turn
|
|-heal|p2a: Pecharunt|262/262|[from] item: Leftovers
|upkeep
|turn|5
|
|t:|1751921457
|move|p1a: Milotic|Scald|p2a: Pecharunt
|-damage|p2a: Pecharunt|166/262
|move|p2a: Pecharunt|Nasty Plot|p2a: Pecharunt
|-boost|p2a: Pecharunt|spa|2
|
|-heal|p2a: Pecharunt|182/262|[from] item: Leftovers
|upkeep
|turn|6
|
|t:|1751921461
|move|p1a: Milotic|Scald|p2a: Pecharunt
|-damage|p2a: Pecharunt|94/262
|move|p2a: Pecharunt|Recover|p2a: Pecharunt
|-heal|p2a: Pecharunt|225/262
|
|-heal|p2a: Pecharunt|241/262|[from] item: Leftovers
|upkeep
|turn|7
|
|t:|1751921464
|move|p1a: Milotic|Scald|p2a: Pecharunt
|-damage|p2a: Pecharunt|147/262
|move|p2a: Pecharunt|Malignant Chain|p1a: Milotic
|-damage|p1a: Milotic|169/293
|-status|p1a: Milotic|tox
|-start|p1a: Milotic|confusion|[from] ability: Poison Puppeteer|[of] p2a: Pecharunt
|
|-heal|p1a: Milotic|187/293 tox|[from] item: Leftovers
|-heal|p2a: Pecharunt|163/262|[from] item: Leftovers
|-damage|p1a: Milotic|169/293 tox|[from] psn
|upkeep
|turn|8
|
|t:|1751921468
|-activate|p1a: Milotic|confusion
|-damage|p1a: Milotic|146/293 tox|[from] confusion
|move|p2a: Pecharunt|Recover|p2a: Pecharunt
|-heal|p2a: Pecharunt|262/262
|
|-heal|p1a: Milotic|164/293 tox|[from] item: Leftovers
|-damage|p1a: Milotic|128/293 tox|[from] psn
|upkeep
|turn|9
|
|t:|1751921471
|switch|p2a: Azumarill|Azumarill, L82, F|193/298
|-end|p1a: Milotic|confusion
|move|p1a: Milotic|Scald|p2a: Azumarill
|-resisted|p2a: Azumarill
|-damage|p2a: Azumarill|147/298
|
|-heal|p1a: Milotic|146/293 tox|[from] item: Leftovers
|-damage|p1a: Milotic|92/293 tox|[from] psn
|upkeep
|turn|10
|
|t:|1751921477
|move|p1a: Milotic|Scald|p2a: Azumarill
|-resisted|p2a: Azumarill
|-damage|p2a: Azumarill|99/298
|move|p2a: Azumarill|Liquidation|p1a: Milotic
|-resisted|p1a: Milotic
|-damage|p1a: Milotic|12/293 tox
|
|-heal|p1a: Milotic|30/293 tox|[from] item: Leftovers
|-damage|p1a: Milotic|0 fnt|[from] psn
|faint|p1a: Milotic
|upkeep
|
|t:|1751921485
|switch|p1a: Raging Bolt|Raging Bolt, L78|323/323
|-enditem|p1a: Raging Bolt|Booster Energy
|-activate|p1a: Raging Bolt|ability: Protosynthesis|[fromitem]
|-start|p1a: Raging Bolt|protosynthesisspa
|turn|11
|
|t:|1751921494
|switch|p2a: Oranguru|Oranguru, L92, F|315/315
|move|p1a: Raging Bolt|Calm Mind|p1a: Raging Bolt
|-boost|p1a: Raging Bolt|spa|1
|-boost|p1a: Raging Bolt|spd|1
|
|upkeep
|turn|12
|
|t:|1751921508
|move|p2a: Oranguru|Nasty Plot|p2a: Oranguru
|-boost|p2a: Oranguru|spa|2
|move|p1a: Raging Bolt|Thunderbolt|p2a: Oranguru
|-damage|p2a: Oranguru|162/315
|
|upkeep
|turn|13
|
|t:|1751921517
|move|p2a: Oranguru|Psyshock|p1a: Raging Bolt
|-damage|p1a: Raging Bolt|81/323
|-damage|p2a: Oranguru|131/315|[from] item: Life Orb
|move|p1a: Raging Bolt|Thunderbolt|p2a: Oranguru
|-damage|p2a: Oranguru|0 fnt
|faint|p2a: Oranguru
|
|upkeep
|
|t:|1751921527
|switch|p2a: Dunsparce|Dunsparce, L86, F|312/312
|turn|14
|
|t:|1751921531
|move|p1a: Raging Bolt|Thunderbolt|p2a: Dunsparce
|-damage|p2a: Dunsparce|150/312
|move|p2a: Dunsparce|Earthquake|p1a: Raging Bolt
|-supereffective|p1a: Raging Bolt
|-damage|p1a: Raging Bolt|0 fnt
|faint|p1a: Raging Bolt
|-end|p1a: Raging Bolt|Protosynthesis|[silent]
|
|upkeep
|
|t:|1751921540
|switch|p1a: Moltres|Moltres-Galar, L79|271/271
|turn|15
|
|t:|1751921547
|move|p1a: Moltres|Nasty Plot|p1a: Moltres
|-boost|p1a: Moltres|spa|2
|move|p2a: Dunsparce|Body Slam|p1a: Moltres
|-damage|p1a: Moltres|189/271
|
|upkeep
|turn|16
|
|t:|1751921580
|move|p1a: Moltres|Hurricane|p2a: Dunsparce|[miss]
|-miss|p1a: Moltres|p2a: Dunsparce
|move|p2a: Dunsparce|Body Slam|p1a: Moltres
|-damage|p1a: Moltres|117/271
|-status|p1a: Moltres|par
|-ability|p1a: Moltres|Berserk|boost
|-boost|p1a: Moltres|spa|1
|
|upkeep
|turn|17
|
|t:|1751921587
|move|p2a: Dunsparce|Body Slam|p1a: Moltres
|-damage|p1a: Moltres|38/271 par
|move|p1a: Moltres|Rest|p1a: Moltres
|-status|p1a: Moltres|slp|[from] move: Rest
|-heal|p1a: Moltres|271/271 slp|[silent]
|-enditem|p1a: Moltres|Chesto Berry|[eat]
|-curestatus|p1a: Moltres|slp|[msg]
|
|upkeep
|turn|18
|
|t:|1751921599
|move|p1a: Moltres|Fiery Wrath|p2a: Dunsparce
|-damage|p2a: Dunsparce|0 fnt
|faint|p2a: Dunsparce
|
|upkeep
|
|t:|1751921611
|switch|p2a: Barraskewda|Barraskewda, L81, M|231/231
|turn|19
|
|t:|1751921619
|move|p2a: Barraskewda|Flip Turn|p1a: Moltres
|-damage|p1a: Moltres|157/271
|
|t:|1751921622
|switch|p2a: Azumarill|Azumarill, L82, F|99/298|[from] Flip Turn
|move|p1a: Moltres|Fiery Wrath|p2a: Azumarill
|-resisted|p2a: Azumarill
|-damage|p2a: Azumarill|0 fnt
|faint|p2a: Azumarill
|
|upkeep
|
|t:|1751921627
|switch|p2a: Barraskewda|Barraskewda, L81, M|231/231
|turn|20
|
|t:|1751921646
|switch|p1a: Carbink|Carbink, L90|236/236
|-terastallize|p2a: Barraskewda|Fighting
|move|p2a: Barraskewda|Close Combat|p1a: Carbink
|-damage|p1a: Carbink|103/236
|-unboost|p2a: Barraskewda|def|1
|-unboost|p2a: Barraskewda|spd|1
|
|upkeep
|turn|21
|
|t:|1751921657
|move|p2a: Barraskewda|Close Combat|p1a: Carbink
|-damage|p1a: Carbink|0 fnt
|-unboost|p2a: Barraskewda|def|1
|-unboost|p2a: Barraskewda|spd|1
|faint|p1a: Carbink
|
|upkeep
|
|t:|1751921659
|switch|p1a: Corviknight|Corviknight, L80, F|288/288
|turn|22
|
|t:|1751921666
|switch|p2a: Pecharunt|Pecharunt, L77|262/262
|move|p1a: Corviknight|U-turn|p2a: Pecharunt
|-resisted|p2a: Pecharunt
|-damage|p2a: Pecharunt|255/262
|
|t:|1751921668
|switch|p1a: Moltres|Moltres-Galar, L79|157/271|[from] U-turn
|
|-heal|p2a: Pecharunt|262/262|[from] item: Leftovers
|upkeep
|turn|23
|
|t:|1751921676
|move|p1a: Moltres|Fiery Wrath|p2a: Pecharunt
|-supereffective|p2a: Pecharunt
|-damage|p2a: Pecharunt|58/262
|move|p2a: Pecharunt|Malignant Chain|p1a: Moltres
|-damage|p1a: Moltres|88/271
|-ability|p1a: Moltres|Berserk|boost
|-boost|p1a: Moltres|spa|1
|
|-heal|p2a: Pecharunt|74/262|[from] item: Leftovers
|upkeep
|turn|24
|j| Shaky3
|
|t:|1751921690
|move|p1a: Moltres|Fiery Wrath|p2a: Pecharunt
|-supereffective|p2a: Pecharunt
|-damage|p2a: Pecharunt|0 fnt
|faint|p2a: Pecharunt
|
|upkeep
|
|t:|1751921693
|switch|p2a: Barraskewda|Barraskewda, L81, M, tera:Fighting|231/231
|turn|25
|
|t:|1751921697
|move|p2a: Barraskewda|Close Combat|p1a: Moltres
|-damage|p1a: Moltres|0 fnt
|-unboost|p2a: Barraskewda|def|1
|-unboost|p2a: Barraskewda|spd|1
|faint|p1a: Moltres
|
|upkeep
|
|t:|1751921698
|switch|p1a: Corviknight|Corviknight, L80, F|288/288
|turn|26
|
|t:|1751921701
|move|p2a: Barraskewda|Close Combat|p1a: Corviknight
|-damage|p1a: Corviknight|98/288
|-unboost|p2a: Barraskewda|def|1
|-unboost|p2a: Barraskewda|spd|1
|move|p1a: Corviknight|Brave Bird|p2a: Barraskewda
|-supereffective|p2a: Barraskewda
|-damage|p2a: Barraskewda|0 fnt
|faint|p2a: Barraskewda
|-damage|p1a: Corviknight|22/288|[from] Recoil
|
|-heal|p1a: Corviknight|40/288|[from] item: Leftovers
|upkeep
|
|t:|1751921704
|switch|p2a: Misdreavus|Misdreavus, L90, M|254/254
|turn|27
|-message|Batram forfeited.
|
|win|Aqua
|raw|Batram's rating: 2515 &rarr; <strong>2493</strong><br />(-22 for losing)
|raw|Aqua's rating: 2488 &rarr; <strong>2510</strong><br />(+22 for winning)
|l|☆Batram
|player|p1|
