|badge|p1|silver|gen9randombattle|30-2
|uhtml|medal-msg|<div class="broadcast-blue">Curious what those medals under the avatar are? PS now has Ladder Seasons! For more information, check out the <a href="https://www.smogon.com/forums/threads/3740067/">thread on Smogon.</a></div>
|badge|p2|silver|gen9randombattle|30-2
|uhtml|medal-msg|<div class="broadcast-blue">Curious what those medals under the avatar are? PS now has Ladder Seasons! For more information, check out the <a href="https://www.smogon.com/forums/threads/3740067/">thread on Smogon.</a></div>
|j|☆paysa
|j|☆lt111vz mdb2
|t:|1725803389
|gametype|singles
|player|p1|paysa|viola-masters|2501
|player|p2|lt111vz mdb2|red|2457
|teamsize|p1|6
|teamsize|p2|6
|gen|9
|tier|[Gen 9] Random Battle
|rated|
|rule|Species Clause: Limit one of each Pokémon
|rule|HP Percentage Mod: HP is shown in percentages
|rule|Sleep Clause Mod: Limit one foe put to sleep
|rule|Illusion Level Mod: Illusion disguises the Pokémon's true level
|
|t:|1725803389
|start
|switch|p1a: Dondozo|Dondozo, L78, F|362/362
|switch|p2a: Jumpluff|Jumpluff, L87, M|271/271
|turn|1
|
|t:|1725803431
|switch|p1a: Mamoswine|Mamoswine, L81, F|311/311
|move|p2a: Jumpluff|U-turn|p1a: Mamoswine
|-damage|p1a: Mamoswine|269/311
|
|t:|1725803442
|switch|p2a: Terrakion|Terrakion, L79|273/273|[from] U-turn
|
|upkeep
|turn|2
|
|t:|1725803476
|switch|p1a: Dondozo|Dondozo, L78, F|362/362
|move|p2a: Terrakion|Close Combat|p1a: Dondozo
|-damage|p1a: Dondozo|213/362
|-unboost|p2a: Terrakion|def|1
|-unboost|p2a: Terrakion|spd|1
|-damage|p2a: Terrakion|246/273|[from] item: Life Orb
|
|-heal|p1a: Dondozo|235/362|[from] item: Leftovers
|upkeep
|turn|3
|
|t:|1725803513
|switch|p2a: Mew|Mew, L82|298/298
|move|p1a: Dondozo|Wave Crash|p2a: Mew
|-damage|p2a: Mew|187/298
|-damage|p1a: Dondozo|198/362|[from] Recoil
|
|-heal|p2a: Mew|205/298|[from] item: Leftovers
|-heal|p1a: Dondozo|220/362|[from] item: Leftovers
|upkeep
|turn|4
|
|t:|1725803520
|switch|p1a: Muk|Muk-Alola, L82, F|306/306
|move|p2a: Mew|Stealth Rock|p1a: Muk
|-sidestart|p1: paysa|move: Stealth Rock
|
|-heal|p2a: Mew|223/298|[from] item: Leftovers
|upkeep
|turn|5
|
|t:|1725803531
|switch|p2a: Terrakion|Terrakion, L79|246/273
|move|p1a: Muk|Drain Punch|p2a: Terrakion
|-supereffective|p2a: Terrakion
|-damage|p2a: Terrakion|144/273
|
|upkeep
|turn|6
|
|t:|1725803545
|switch|p1a: Dodrio|Dodrio, L86, M|243/243
|move|p2a: Terrakion|Earthquake|p1a: Dodrio
|-immune|p1a: Dodrio
|
|upkeep
|turn|7
|
|t:|1725803551
|switch|p2a: Dusknoir|Dusknoir, L89, F|225/225
|-item|p1a: Dodrio|Heavy-Duty Boots|[from] ability: Frisk|[of] p2a: Dusknoir
|move|p1a: Dodrio|Brave Bird|p2a: Dusknoir
|-damage|p2a: Dusknoir|128/225
|-damage|p1a: Dodrio|211/243|[from] Recoil
|
|upkeep
|turn|8
|
|t:|1725803573
|move|p1a: Dodrio|Brave Bird|p2a: Dusknoir
|-damage|p2a: Dusknoir|22/225
|-damage|p1a: Dodrio|176/243|[from] Recoil
|move|p2a: Dusknoir|Pain Split|p1a: Dodrio
|-sethp|p1a: Dodrio|99/243|[from] move: Pain Split|[silent]
|-sethp|p2a: Dusknoir|99/225|[from] move: Pain Split
|
|upkeep
|turn|9
|
|t:|1725803583
|move|p1a: Dodrio|Swords Dance|p1a: Dodrio
|-boost|p1a: Dodrio|atk|2
|move|p2a: Dusknoir|Poltergeist|p1a: Dodrio
|-immune|p1a: Dodrio
|
|upkeep
|turn|10
|
|t:|1725803591
|move|p1a: Dodrio|Brave Bird|p2a: Dusknoir
|-damage|p2a: Dusknoir|0 fnt
|faint|p2a: Dusknoir
|-damage|p1a: Dodrio|66/243|[from] Recoil
|
|upkeep
|
|t:|1725803593
|switch|p2a: Jumpluff|Jumpluff, L87, M|271/271
|turn|11
|
|t:|1725803600
|switch|p1a: Dondozo|Dondozo, L78, F|220/362
|-damage|p1a: Dondozo|175/362|[from] Stealth Rock
|move|p2a: Jumpluff|Acrobatics|p1a: Dondozo
|-damage|p1a: Dondozo|103/362
|
|-heal|p1a: Dondozo|125/362|[from] item: Leftovers
|upkeep
|turn|12
|
|t:|1725803620
|switch|p1a: Sunflora|Sunflora, M|312/312
|-damage|p1a: Sunflora|273/312|[from] Stealth Rock
|move|p2a: Jumpluff|Sleep Powder|p1a: Sunflora
|-immune|p1a: Sunflora
|
|upkeep
|turn|13
|
|t:|1725803625
|move|p2a: Jumpluff|U-turn|p1a: Sunflora
|-supereffective|p1a: Sunflora
|-damage|p1a: Sunflora|195/312
|
|t:|1725803626
|switch|p2a: Hariyama|Hariyama, L87, M|392/392|[from] U-turn
|move|p1a: Sunflora|Sludge Bomb|p2a: Hariyama
|-damage|p2a: Hariyama|278/392
|
|upkeep
|turn|14
|
|t:|1725803656
|move|p2a: Hariyama|Knock Off|p1a: Sunflora
|-damage|p1a: Sunflora|94/312
|-enditem|p1a: Sunflora|Choice Specs|[from] move: Knock Off|[of] p2a: Hariyama
|move|p1a: Sunflora|Sludge Bomb|p2a: Hariyama
|-damage|p2a: Hariyama|190/392
|
|upkeep
|turn|15
|
|t:|1725803664
|move|p2a: Hariyama|Heavy Slam|p1a: Sunflora
|-damage|p1a: Sunflora|0 fnt
|faint|p1a: Sunflora
|
|upkeep
|
|t:|1725803684
|switch|p1a: Dodrio|Dodrio, L86, M|66/243
|turn|16
|
|t:|1725803688
|switch|p2a: Gengar|Gengar, L81, M|230/230
|move|p1a: Dodrio|Brave Bird|p2a: Gengar
|-damage|p2a: Gengar|28/230
|-start|p1a: Dodrio|Disable|Brave Bird|[from] ability: Cursed Body|[of] p2a: Gengar
|-damage|p1a: Dodrio|0 fnt|[from] Recoil
|faint|p1a: Dodrio
|
|upkeep
|
|t:|1725803693
|switch|p1a: Muk|Muk-Alola, L82, F|306/306
|-damage|p1a: Muk|268/306|[from] Stealth Rock
|turn|17
|
|t:|1725803702
|move|p2a: Gengar|Will-O-Wisp|p1a: Muk|[miss]
|-miss|p2a: Gengar|p1a: Muk
|move|p1a: Muk|Gunk Shot|p2a: Gengar
|-resisted|p2a: Gengar
|-damage|p2a: Gengar|0 fnt
|faint|p2a: Gengar
|
|upkeep
|
|t:|1725803708
|switch|p2a: Terrakion|Terrakion, L79|144/273
|turn|18
|
|t:|1725803762
|switch|p1a: Dondozo|Dondozo, L78, F|125/362
|-damage|p1a: Dondozo|80/362|[from] Stealth Rock
|move|p2a: Terrakion|Earthquake|p1a: Dondozo
|-damage|p1a: Dondozo|0 fnt
|faint|p1a: Dondozo
|-damage|p2a: Terrakion|117/273|[from] item: Life Orb
|
|upkeep
|inactive|Battle timer is ON: inactive players will automatically lose when time's up. (requested by lt111vz mdb2)
|
|t:|1725803830
|switch|p1a: Sawsbuck|Sawsbuck-Autumn, L88, M|284/284
|-damage|p1a: Sawsbuck|249/284|[from] Stealth Rock
|turn|19
|
|t:|1725803838
|switch|p2a: Jumpluff|Jumpluff, L87, M|271/271
|move|p1a: Sawsbuck|Headbutt|p2a: Jumpluff
|-damage|p2a: Jumpluff|154/271
|-damage|p1a: Sawsbuck|221/284|[from] item: Life Orb
|
|upkeep
|turn|20
|
|t:|1725803855
|switch|p1a: Mamoswine|Mamoswine, L81, F|269/311
|-damage|p1a: Mamoswine|231/311|[from] Stealth Rock
|move|p2a: Jumpluff|U-turn|p1a: Mamoswine
|-crit|p1a: Mamoswine
|-damage|p1a: Mamoswine|169/311
|
|t:|1725803859
|switch|p2a: Terrakion|Terrakion, L79|117/273|[from] U-turn
|
|upkeep
|turn|21
|
|t:|1725803865
|move|p1a: Mamoswine|Ice Shard|p2a: Terrakion
|-damage|p2a: Terrakion|36/273
|move|p2a: Terrakion|Close Combat|p1a: Mamoswine
|-supereffective|p1a: Mamoswine
|-damage|p1a: Mamoswine|0 fnt
|-unboost|p2a: Terrakion|def|1
|-unboost|p2a: Terrakion|spd|1
|faint|p1a: Mamoswine
|-damage|p2a: Terrakion|9/273|[from] item: Life Orb
|
|upkeep
|
|t:|1725803877
|switch|p1a: Sawsbuck|Sawsbuck-Autumn, L88, M|221/284
|-damage|p1a: Sawsbuck|186/284|[from] Stealth Rock
|turn|22
|
|t:|1725803886
|switch|p2a: Mew|Mew, L82|223/298
|move|p1a: Sawsbuck|Headbutt|p2a: Mew
|-damage|p2a: Mew|113/298
|-damage|p1a: Sawsbuck|158/284|[from] item: Life Orb
|
|-heal|p2a: Mew|131/298|[from] item: Leftovers
|upkeep
|turn|23
|j| phenom223
|
|t:|1725803900
|-terastallize|p2a: Mew|Steel
|move|p1a: Sawsbuck|Headbutt|p2a: Mew
|-resisted|p2a: Mew
|-damage|p2a: Mew|80/298
|-damage|p1a: Sawsbuck|130/284|[from] item: Life Orb
|move|p2a: Mew|Psychic Noise|p1a: Sawsbuck
|-damage|p1a: Sawsbuck|34/284
|-start|p1a: Sawsbuck|move: Heal Block
|
|-heal|p2a: Mew|98/298|[from] item: Leftovers
|upkeep
|turn|24
|
|t:|1725803913
|switch|p2a: Jumpluff|Jumpluff, L87, M|154/271
|move|p1a: Sawsbuck|Headbutt|p2a: Jumpluff
|-damage|p2a: Jumpluff|36/271
|-damage|p1a: Sawsbuck|6/284|[from] item: Life Orb
|
|-end|p1a: Sawsbuck|move: Heal Block
|upkeep
|turn|25
|
|t:|1725803918
|move|p2a: Jumpluff|U-turn|p1a: Sawsbuck
|-supereffective|p1a: Sawsbuck
|-damage|p1a: Sawsbuck|0 fnt
|faint|p1a: Sawsbuck
|
|t:|1725803931
|switch|p2a: Hariyama|Hariyama, L87, M|190/392|[from] U-turn
|
|upkeep
|
|t:|1725803935
|switch|p1a: Muk|Muk-Alola, L82, F|268/306
|-damage|p1a: Muk|230/306|[from] Stealth Rock
|turn|26
|
|t:|1725803950
|move|p2a: Hariyama|Close Combat|p1a: Muk
|-damage|p1a: Muk|61/306
|-unboost|p2a: Hariyama|def|1
|-unboost|p2a: Hariyama|spd|1
|move|p1a: Muk|Gunk Shot|p2a: Hariyama
|-damage|p2a: Hariyama|0 fnt
|faint|p2a: Hariyama
|
|upkeep
|
|t:|1725803971
|switch|p2a: Jumpluff|Jumpluff, L87, M|36/271
|turn|27
|c|☆paysa|shame, i thought sneak would do more
|c|☆paysa|gg
|
|t:|1725803980
|move|p1a: Muk|Shadow Sneak|p2a: Jumpluff
|-damage|p2a: Jumpluff|4/271
|move|p2a: Jumpluff|Acrobatics|p1a: Muk
|-damage|p1a: Muk|0 fnt
|faint|p1a: Muk
|
|win|lt111vz mdb2
|raw|paysa's rating: 2501 &rarr; <strong>2478</strong><br />(-23 for losing)
|raw|lt111vz mdb2's rating: 2457 &rarr; <strong>2480</strong><br />(+23 for winning)
