|badge|p1|gold|gen9randombattle|3-1
|uhtml|medal-msg|<div class="broadcast-blue">Curious what those medals under the avatar are? PS now has Ladder Seasons! For more information, check out the <a href="https://www.smogon.com/forums/threads/3740067/">thread on Smogon.</a></div>
|badge|p2|gold|gen9randombattle|3-1
|uhtml|medal-msg|<div class="broadcast-blue">Curious what those medals under the avatar are? PS now has Ladder Seasons! For more information, check out the <a href="https://www.smogon.com/forums/threads/3740067/">thread on Smogon.</a></div>
|j|☆MichaelderBeste2
|j|☆pokeblade☆101
|t:|1714576127
|gametype|singles
|player|p1|MichaelderBeste2|#rbtt7teamdarkrai|2605
|player|p2|pokeblade☆101|#rbtt7teamchiyu|2541
|teamsize|p1|6
|teamsize|p2|6
|gen|9
|tier|[Gen 9] Random Battle
|rated|
|rule|Species Clause: Limit one of each Pokémon
|rule|HP Percentage Mod: HP is shown in percentages
|rule|Sleep Clause Mod: Limit one foe put to sleep
|rule|Illusion Level Mod: Illusion disguises the Pokémon's true level
|
|t:|1714576127
|start
|switch|p1a: Dunsparce|Dunsparce, L86, M|312/312
|switch|p2a: Basculin|Basculin, L86, M|261/261
|turn|1
|c|☆pokeblade☆101|why are u playing sir
|
|t:|1714576189
|move|p2a: Basculin|Flip Turn|p1a: Dunsparce
|-damage|p1a: Dunsparce|210/312
|
|t:|1714576204
|switch|p2a: Diancie|Diancie, L82|216/216|[from] Flip Turn
|move|p1a: Dunsparce|Body Slam|p2a: Diancie
|-resisted|p2a: Diancie
|-damage|p2a: Diancie|190/216
|-status|p2a: Diancie|par
|
|-heal|p2a: Diancie|203/216 par|[from] item: Leftovers
|upkeep
|turn|2
|
|t:|1714576213
|move|p1a: Dunsparce|Coil|p1a: Dunsparce
|-boost|p1a: Dunsparce|atk|1
|-boost|p1a: Dunsparce|def|1
|-boost|p1a: Dunsparce|accuracy|1
|move|p2a: Diancie|Stealth Rock|p1a: Dunsparce
|-sidestart|p1: MichaelderBeste2|move: Stealth Rock
|
|-heal|p2a: Diancie|216/216 par|[from] item: Leftovers
|upkeep
|turn|3
|
|t:|1714576245
|move|p1a: Dunsparce|Body Slam|p2a: Diancie
|-resisted|p2a: Diancie
|-crit|p2a: Diancie
|-damage|p2a: Diancie|157/216 par
|move|p2a: Diancie|Diamond Storm|p1a: Dunsparce
|-damage|p1a: Dunsparce|156/312
|-boost|p2a: Diancie|def|2
|
|-heal|p2a: Diancie|170/216 par|[from] item: Leftovers
|upkeep
|turn|4
|
|t:|1714576266
|move|p1a: Dunsparce|Roost|p1a: Dunsparce
|-heal|p1a: Dunsparce|312/312
|-singleturn|p1a: Dunsparce|move: Roost
|move|p2a: Diancie|Diamond Storm|p1a: Dunsparce
|-damage|p1a: Dunsparce|258/312
|
|-heal|p2a: Diancie|183/216 par|[from] item: Leftovers
|upkeep
|turn|5
|
|t:|1714576275
|move|p1a: Dunsparce|Coil|p1a: Dunsparce
|-boost|p1a: Dunsparce|atk|1
|-boost|p1a: Dunsparce|def|1
|-boost|p1a: Dunsparce|accuracy|1
|cant|p2a: Diancie|par
|
|-heal|p2a: Diancie|196/216 par|[from] item: Leftovers
|upkeep
|turn|6
|
|t:|1714576281
|move|p1a: Dunsparce|Coil|p1a: Dunsparce
|-boost|p1a: Dunsparce|atk|1
|-boost|p1a: Dunsparce|def|1
|-boost|p1a: Dunsparce|accuracy|1
|cant|p2a: Diancie|par
|
|-heal|p2a: Diancie|209/216 par|[from] item: Leftovers
|upkeep
|turn|7
|
|t:|1714576286
|move|p1a: Dunsparce|Earthquake|p2a: Diancie
|-supereffective|p2a: Diancie
|-damage|p2a: Diancie|101/216 par
|move|p2a: Diancie|Diamond Storm|p1a: Dunsparce
|-damage|p1a: Dunsparce|228/312
|-boost|p2a: Diancie|def|2
|
|-heal|p2a: Diancie|114/216 par|[from] item: Leftovers
|upkeep
|turn|8
|
|t:|1714576293
|move|p1a: Dunsparce|Coil|p1a: Dunsparce
|-boost|p1a: Dunsparce|atk|1
|-boost|p1a: Dunsparce|def|1
|-boost|p1a: Dunsparce|accuracy|1
|move|p2a: Diancie|Body Press|p1a: Dunsparce
|-supereffective|p1a: Dunsparce
|-damage|p1a: Dunsparce|112/312
|
|-heal|p2a: Diancie|127/216 par|[from] item: Leftovers
|upkeep
|turn|9
|
|t:|1714576299
|move|p1a: Dunsparce|Roost|p1a: Dunsparce
|-heal|p1a: Dunsparce|268/312
|-singleturn|p1a: Dunsparce|move: Roost
|move|p2a: Diancie|Diamond Storm|p1a: Dunsparce
|-damage|p1a: Dunsparce|241/312
|
|-heal|p2a: Diancie|140/216 par|[from] item: Leftovers
|upkeep
|turn|10
|
|t:|1714576304
|move|p1a: Dunsparce|Earthquake|p2a: Diancie
|-supereffective|p2a: Diancie
|-damage|p2a: Diancie|60/216 par
|move|p2a: Diancie|Diamond Storm|p1a: Dunsparce
|-damage|p1a: Dunsparce|211/312
|
|-heal|p2a: Diancie|73/216 par|[from] item: Leftovers
|upkeep
|turn|11
|
|t:|1714576313
|switch|p2a: Noctowl|Noctowl, L95, F|344/344
|move|p1a: Dunsparce|Earthquake|p2a: Noctowl
|-immune|p2a: Noctowl
|
|upkeep
|turn|12
|
|t:|1714576320
|move|p2a: Noctowl|Hurricane|p1a: Dunsparce
|-damage|p1a: Dunsparce|99/312
|-start|p1a: Dunsparce|confusion
|-activate|p1a: Dunsparce|confusion
|move|p1a: Dunsparce|Roost|p1a: Dunsparce
|-heal|p1a: Dunsparce|255/312
|-singleturn|p1a: Dunsparce|move: Roost
|
|upkeep
|turn|13
|
|t:|1714576325
|move|p2a: Noctowl|Nasty Plot|p2a: Noctowl
|-boost|p2a: Noctowl|spa|2
|-activate|p1a: Dunsparce|confusion
|-damage|p1a: Dunsparce|230/312|[from] confusion
|
|upkeep
|turn|14
|
|t:|1714576329
|move|p2a: Noctowl|Hurricane|p1a: Dunsparce|[miss]
|-miss|p2a: Noctowl|p1a: Dunsparce
|-activate|p1a: Dunsparce|confusion
|move|p1a: Dunsparce|Body Slam|p2a: Noctowl
|-damage|p2a: Noctowl|47/344
|-status|p2a: Noctowl|par
|
|upkeep
|turn|15
|
|t:|1714576336
|-activate|p1a: Dunsparce|confusion
|move|p1a: Dunsparce|Body Slam|p2a: Noctowl
|-damage|p2a: Noctowl|0 fnt
|faint|p2a: Noctowl
|
|upkeep
|
|t:|1714576339
|switch|p2a: Urshifu|Urshifu-Rapid-Strike, L75, F|274/274
|turn|16
|
|t:|1714576345
|move|p2a: Urshifu|Surging Strikes|p1a: Dunsparce
|-crit|p1a: Dunsparce
|-damage|p1a: Dunsparce|191/312
|-crit|p1a: Dunsparce
|-damage|p1a: Dunsparce|147/312
|-crit|p1a: Dunsparce
|-damage|p1a: Dunsparce|104/312
|-hitcount|p1a: Dunsparce|3
|-damage|p2a: Urshifu|247/274|[from] item: Life Orb
|-end|p1a: Dunsparce|confusion
|move|p1a: Dunsparce|Body Slam|p2a: Urshifu
|-damage|p2a: Urshifu|22/274
|
|upkeep
|turn|17
|
|t:|1714576353
|move|p2a: Urshifu|Surging Strikes|p1a: Dunsparce
|-crit|p1a: Dunsparce
|-damage|p1a: Dunsparce|61/312
|-crit|p1a: Dunsparce
|-damage|p1a: Dunsparce|21/312
|-crit|p1a: Dunsparce
|-damage|p1a: Dunsparce|0 fnt
|faint|p1a: Dunsparce
|-hitcount|p1: Dunsparce|3
|-damage|p2a: Urshifu|0 fnt|[from] item: Life Orb
|faint|p2a: Urshifu
|
|upkeep
|
|t:|1714576361
|switch|p2a: Basculin|Basculin, L86, M|261/261
|switch|p1a: Regidrago|Regidrago, L77|435/435
|-damage|p1a: Regidrago|381/435|[from] Stealth Rock
|turn|18
|
|t:|1714576374
|move|p2a: Basculin|Flip Turn|p1a: Regidrago
|-resisted|p1a: Regidrago
|-damage|p1a: Regidrago|276/435
|
|t:|1714576377
|switch|p2a: Victreebel|Victreebel, L90, F|290/290|[from] Flip Turn
|move|p1a: Regidrago|Dragon Dance|p1a: Regidrago
|-boost|p1a: Regidrago|atk|1
|-boost|p1a: Regidrago|spe|1
|
|upkeep
|turn|19
|
|t:|1714576384
|move|p1a: Regidrago|Dragon Claw|p2a: Victreebel
|-damage|p2a: Victreebel|40/290
|-damage|p1a: Regidrago|233/435|[from] item: Life Orb
|move|p2a: Victreebel|Poison Jab|p1a: Regidrago
|-damage|p1a: Regidrago|13/435
|-status|p1a: Regidrago|psn
|-damage|p2a: Victreebel|11/290|[from] item: Life Orb
|
|-damage|p1a: Regidrago|0 fnt|[from] psn
|faint|p1a: Regidrago
|upkeep
|
|t:|1714576389
|switch|p1a: Revavroom|Revavroom, L79, M|256/256
|-damage|p1a: Revavroom|240/256|[from] Stealth Rock
|turn|20
|
|t:|1714576394
|move|p1a: Revavroom|Shift Gear|p1a: Revavroom
|-boost|p1a: Revavroom|spe|2
|-boost|p1a: Revavroom|atk|1
|move|p2a: Victreebel|Swords Dance|p2a: Victreebel
|-boost|p2a: Victreebel|atk|2
|
|upkeep
|turn|21
|
|t:|1714576400
|move|p2a: Victreebel|Sucker Punch|p1a: Revavroom
|-damage|p1a: Revavroom|83/256
|-damage|p2a: Victreebel|0 fnt|[from] item: Life Orb
|faint|p2a: Victreebel
|move|p1a: Revavroom|Iron Head|p2: Victreebel|[notarget]
|-fail|p1a: Revavroom
|
|upkeep
|
|t:|1714576408
|switch|p2a: Basculin|Basculin, L86, M|261/261
|turn|22
|
|t:|1714576436
|move|p2a: Basculin|Aqua Jet|p1a: Revavroom
|-damage|p1a: Revavroom|0 fnt
|faint|p1a: Revavroom
|
|upkeep
|
|t:|1714576442
|switch|p1a: Veluza|Veluza, L85, F|292/292
|-damage|p1a: Veluza|256/292|[from] Stealth Rock
|turn|23
|
|t:|1714576448
|move|p2a: Basculin|Aqua Jet|p1a: Veluza
|-resisted|p1a: Veluza
|-damage|p1a: Veluza|207/292
|move|p1a: Veluza|Fillet Away|p1a: Veluza
|-boost|p1a: Veluza|atk|2
|-boost|p1a: Veluza|spa|2
|-boost|p1a: Veluza|spe|2
|-damage|p1a: Veluza|61/292
|-enditem|p1a: Veluza|Sitrus Berry|[eat]
|-heal|p1a: Veluza|134/292|[from] item: Sitrus Berry
|
|upkeep
|turn|24
|
|t:|1714576452
|switch|p2a: Diancie|Diancie, L82|73/216 par
|move|p1a: Veluza|Psycho Cut|p2a: Diancie
|-damage|p2a: Diancie|0 fnt
|faint|p2a: Diancie
|
|upkeep
|
|t:|1714576457
|switch|p2a: Baxcalibur|Baxcalibur, L75, F|295/295
|turn|25
|
|t:|1714576459
|move|p1a: Veluza|Psycho Cut|p2a: Baxcalibur
|-damage|p2a: Baxcalibur|37/295
|move|p2a: Baxcalibur|Scale Shot|p1a: Veluza
|-damage|p1a: Veluza|100/292
|-damage|p1a: Veluza|64/292
|-damage|p1a: Veluza|28/292
|-crit|p1a: Veluza
|-damage|p1a: Veluza|0 fnt
|faint|p1a: Veluza
|-hitcount|p1: Veluza|4
|-unboost|p2a: Baxcalibur|def|1
|-boost|p2a: Baxcalibur|spe|1
|
|upkeep
|
|t:|1714576471
|switch|p1a: Vigoroth|Vigoroth, L85, F|275/275
|-damage|p1a: Vigoroth|241/275|[from] Stealth Rock
|turn|26
|
|t:|1714576486
|move|p2a: Baxcalibur|Swords Dance|p2a: Baxcalibur
|-boost|p2a: Baxcalibur|atk|2
|move|p1a: Vigoroth|Bulk Up|p1a: Vigoroth
|-boost|p1a: Vigoroth|atk|1
|-boost|p1a: Vigoroth|def|1
|
|upkeep
|turn|27
|
|t:|1714576488
|move|p2a: Baxcalibur|Scale Shot|p1a: Vigoroth
|-damage|p1a: Vigoroth|213/275
|-damage|p1a: Vigoroth|186/275
|-damage|p1a: Vigoroth|156/275
|-damage|p1a: Vigoroth|126/275
|-damage|p1a: Vigoroth|95/275
|-hitcount|p1a: Vigoroth|5
|-unboost|p2a: Baxcalibur|def|1
|-boost|p2a: Baxcalibur|spe|1
|move|p1a: Vigoroth|Body Slam|p2a: Baxcalibur
|-damage|p2a: Baxcalibur|0 fnt
|faint|p2a: Baxcalibur
|
|upkeep
|
|t:|1714576491
|switch|p2a: Basculin|Basculin, L86, M|261/261
|turn|28
|
|t:|1714576497
|-terastallize|p2a: Basculin|Water
|move|p2a: Basculin|Wave Crash|p1a: Vigoroth
|-damage|p1a: Vigoroth|0 fnt
|faint|p1a: Vigoroth
|-damage|p2a: Basculin|230/261|[from] Recoil
|
|upkeep
|
|t:|1714576499
|switch|p1a: Golduck|Golduck, L90, F|290/290
|-damage|p1a: Golduck|254/290|[from] Stealth Rock
|-ability|p1a: Golduck|Cloud Nine
|turn|29
|
|t:|1714576503
|-terastallize|p1a: Golduck|Grass
|move|p2a: Basculin|Wave Crash|p1a: Golduck
|-resisted|p1a: Golduck
|-damage|p1a: Golduck|118/290
|-damage|p2a: Basculin|185/261|[from] Recoil
|move|p1a: Golduck|Grass Knot|p2a: Basculin
|-supereffective|p2a: Basculin
|-damage|p2a: Basculin|0 fnt
|faint|p2a: Basculin
|
|win|MichaelderBeste2
|raw|MichaelderBeste2's rating: 2605 &rarr; <strong>2621</strong><br />(+16 for winning)
|raw|pokeblade☆101's rating: 2541 &rarr; <strong>2525</strong><br />(-16 for losing)
|c|☆pokeblade☆101|tera grass??
|c|☆pokeblade☆101|anyway gg
|l|☆MichaelderBeste2
|player|p1|
