|badge|p1|gold|gen9randombattle|3-1
|uhtml|medal-msg|<div class="broadcast-blue">Curious what those medals under the avatar are? PS now has Ladder Seasons! For more information, check out the <a href="https://www.smogon.com/forums/threads/3740067/">thread on Smogon.</a></div>
|badge|p2|silver|gen9randombattle|30-1
|uhtml|medal-msg|<div class="broadcast-blue">Curious what those medals under the avatar are? PS now has Ladder Seasons! For more information, check out the <a href="https://www.smogon.com/forums/threads/3740067/">thread on Smogon.</a></div>
|j|☆Delta 2777
|j|☆MichaelderBeste2
|t:|1715107615
|gametype|singles
|player|p1|Delta 2777|265|2527
|player|p2|MichaelderBeste2|#rbtt7teamdarkrai|2514
|teamsize|p1|6
|teamsize|p2|6
|gen|9
|tier|[Gen 9] Random Battle
|rated|
|rule|Species Clause: Limit one of each Pokémon
|rule|HP Percentage Mod: HP is shown in percentages
|rule|Sleep Clause Mod: Limit one foe put to sleep
|rule|Illusion Level Mod: Illusion disguises the Pokémon's true level
|
|t:|1715107615
|start
|switch|p1a: Copperajah|Copperajah, L86, M|350/350
|switch|p2a: Breloom|Breloom, L82, F|233/233
|turn|1
|inactive|Battle timer is ON: inactive players will automatically lose when time's up. (requested by Delta 2777)
|j| fdbdfbd
|
|t:|1715107640
|move|p2a: Breloom|Spore|p1a: Copperajah
|-status|p1a: Copperajah|slp|[from] move: Spore
|cant|p1a: Copperajah|slp
|
|upkeep
|turn|2
|
|t:|1715107645
|switch|p1a: Fezandipiti|Fezandipiti, L82, M|278/278
|move|p2a: Breloom|Bullet Seed|p1a: Fezandipiti
|-resisted|p1a: Fezandipiti
|-damage|p1a: Fezandipiti|248/278
|-resisted|p1a: Fezandipiti
|-damage|p1a: Fezandipiti|218/278
|-hitcount|p1a: Fezandipiti|2
|-damage|p2a: Breloom|210/233|[from] item: Life Orb
|
|upkeep
|turn|3
|j|+Aqua
|
|t:|1715107658
|switch|p2a: Stonjourner|Stonjourner, L91, M|330/330
|move|p1a: Fezandipiti|U-turn|p2a: Stonjourner
|-damage|p2a: Stonjourner|302/330
|-status|p2a: Stonjourner|tox|[from] ability: Toxic Chain|[of] p1a: Fezandipiti
|inactive|Delta 2777 has 120 seconds left.
|
|t:|1715107709
|switch|p1a: Palossand|Palossand, L89, M|296/296|[from] U-turn
|
|-damage|p2a: Stonjourner|282/330 tox|[from] psn
|upkeep
|turn|4
|
|t:|1715107714
|switch|p2a: Milotic|Milotic, L83, M|293/293
|move|p1a: Palossand|Stealth Rock|p2a: Milotic
|-sidestart|p2: MichaelderBeste2|move: Stealth Rock
|
|upkeep
|turn|5
|
|t:|1715107729
|switch|p1a: Floatzel|Floatzel, L85, M|283/283
|move|p2a: Milotic|Scald|p1a: Floatzel
|-resisted|p1a: Floatzel
|-damage|p1a: Floatzel|220/283
|
|-heal|p1a: Floatzel|237/283|[from] item: Leftovers
|upkeep
|turn|6
|
|t:|1715107735
|move|p1a: Floatzel|Bulk Up|p1a: Floatzel
|-boost|p1a: Floatzel|atk|1
|-boost|p1a: Floatzel|def|1
|move|p2a: Milotic|Scald|p1a: Floatzel
|-resisted|p1a: Floatzel
|-damage|p1a: Floatzel|177/283
|
|-heal|p1a: Floatzel|194/283|[from] item: Leftovers
|upkeep
|turn|7
|inactive|Delta 2777 has 120 seconds left.
|
|t:|1715107744
|move|p1a: Floatzel|Crunch|p2a: Milotic
|-damage|p2a: Milotic|197/293
|move|p2a: Milotic|Dragon Tail|p1a: Floatzel
|-damage|p1a: Floatzel|167/283
|drag|p1a: Rampardos|Rampardos, L90, M|321/321
|
|-heal|p2a: Milotic|215/293|[from] item: Leftovers
|upkeep
|turn|8
|l|☆Delta 2777
|inactive|Delta 2777 disconnected and has a minute to reconnect!
|player|p1|
|j| PokeChess
|j|☆Delta 2777
|inactive|Delta 2777 reconnected and has 115 seconds left.
|player|p1|Delta 2777|265|
|j| Brandie
|inactive|Delta 2777 has 90 seconds left.
|j|+pokeblade☆101
|c|+pokeblade☆101|lmaooo
|c|+pokeblade☆101|this is funny
|inactive|Delta 2777 has 60 seconds left.
|c| PokeChess|what blade
|
|t:|1715107828
|move|p1a: Rampardos|Head Smash|p2a: Milotic
|-damage|p2a: Milotic|0 fnt
|faint|p2a: Milotic
|-damage|p1a: Rampardos|213/321|[from] Recoil
|
|upkeep
|c|+pokeblade☆101|delta vs michael and aqua together
|
|t:|1715107838
|switch|p2a: Breloom|Breloom, L82, F|210/233
|-damage|p2a: Breloom|196/233|[from] Stealth Rock
|turn|9
|inactive|Delta 2777 has 60 seconds left.
|c| PokeChess|lol
|c|☆Delta 2777|I only clicked find battle once :/
|
|t:|1715107864
|switch|p1a: Fezandipiti|Fezandipiti, L82, M|218/278
|move|p2a: Breloom|Rock Tomb|p1a: Fezandipiti
|-damage|p1a: Fezandipiti|114/278
|-unboost|p1a: Fezandipiti|spe|1
|-damage|p2a: Breloom|173/233|[from] item: Life Orb
|
|upkeep
|turn|10
|
|t:|1715107875
|move|p2a: Breloom|Rock Tomb|p1a: Fezandipiti
|-damage|p1a: Fezandipiti|6/278
|-unboost|p1a: Fezandipiti|spe|1
|-damage|p2a: Breloom|150/233|[from] item: Life Orb
|move|p1a: Fezandipiti|U-turn|p2a: Breloom
|-damage|p2a: Breloom|104/233
|
|t:|1715107887
|switch|p1a: Floatzel|Floatzel, L85, M|167/283|[from] U-turn
|
|-heal|p1a: Floatzel|184/283|[from] item: Leftovers
|upkeep
|turn|11
|
|t:|1715107891
|move|p2a: Breloom|Mach Punch|p1a: Floatzel
|-damage|p1a: Floatzel|51/283
|-damage|p2a: Breloom|81/233|[from] item: Life Orb
|move|p1a: Floatzel|Ice Spinner|p2a: Breloom
|-supereffective|p2a: Breloom
|-damage|p2a: Breloom|0 fnt
|faint|p2a: Breloom
|
|-heal|p1a: Floatzel|68/283|[from] item: Leftovers
|upkeep
|
|t:|1715107895
|switch|p2a: Gurdurr|Gurdurr, L85, M|283/283
|-damage|p2a: Gurdurr|266/283|[from] Stealth Rock
|turn|12
|
|t:|1715107902
|move|p1a: Floatzel|Wave Crash|p2a: Gurdurr
|-damage|p2a: Gurdurr|175/283
|-damage|p1a: Floatzel|38/283|[from] Recoil
|move|p2a: Gurdurr|Bulk Up|p2a: Gurdurr
|-boost|p2a: Gurdurr|atk|1
|-boost|p2a: Gurdurr|def|1
|
|-heal|p1a: Floatzel|55/283|[from] item: Leftovers
|upkeep
|turn|13
|inactive|Delta 2777 has 60 seconds left.
|
|t:|1715107917
|switch|p1a: Palossand|Palossand, L89, M|296/296
|move|p2a: Gurdurr|Mach Punch|p1a: Palossand
|-immune|p1a: Palossand
|
|upkeep
|turn|14
|inactive|Delta 2777 has 60 seconds left.
|
|t:|1715107929
|move|p2a: Gurdurr|Knock Off|p1a: Palossand
|-supereffective|p1a: Palossand
|-damage|p1a: Palossand|102/296
|-enditem|p1a: Palossand|Leftovers|[from] move: Knock Off|[of] p2a: Gurdurr
|move|p1a: Palossand|Earth Power|p2a: Gurdurr
|-damage|p2a: Gurdurr|67/283
|
|upkeep
|turn|15
|inactive|Delta 2777 has 60 seconds left.
|
|t:|1715107936
|move|p2a: Gurdurr|Knock Off|p1a: Palossand
|-supereffective|p1a: Palossand
|-damage|p1a: Palossand|0 fnt
|faint|p1a: Palossand
|
|upkeep
|inactive|Delta 2777 has 60 seconds left.
|inactive|Delta 2777 has 30 seconds left.
|inactive|Delta 2777 has 20 seconds left.
|inactive|Delta 2777 has 15 seconds left.
|inactive|Delta 2777 has 10 seconds left.
|
|t:|1715107993
|switch|p1a: Avalugg|Avalugg, L87, F|307/307
|turn|16
|inactive|Delta 2777 has 20 seconds left this turn.
|
|t:|1715108001
|-terastallize|p1a: Avalugg|Fighting
|move|p2a: Gurdurr|Drain Punch|p1a: Avalugg
|-damage|p1a: Avalugg|241/307
|-heal|p2a: Gurdurr|100/283|[from] drain|[of] p1a: Avalugg
|move|p1a: Avalugg|Avalanche|p2a: Gurdurr
|-crit|p2a: Gurdurr
|-damage|p2a: Gurdurr|0 fnt
|faint|p2a: Gurdurr
|
|upkeep
|inactive|Delta 2777 has 25 seconds left this turn.
|
|t:|1715108010
|switch|p2a: Fezandipiti|Fezandipiti, L82, M|278/278
|-damage|p2a: Fezandipiti|244/278|[from] Stealth Rock
|turn|17
|inactive|Delta 2777 has 30 seconds left.
|
|t:|1715108020
|switch|p1a: Fezandipiti|Fezandipiti, L82, M|6/278
|move|p2a: Fezandipiti|Heat Wave|p1a: Fezandipiti
|-damage|p1a: Fezandipiti|0 fnt
|faint|p1a: Fezandipiti
|
|upkeep
|inactive|Delta 2777 has 30 seconds left.
|
|t:|1715108031
|switch|p1a: Rampardos|Rampardos, L90, M|213/321
|turn|18
|
|t:|1715108052
|move|p1a: Rampardos|Earthquake|p2a: Fezandipiti
|-supereffective|p2a: Fezandipiti
|-damage|p2a: Fezandipiti|0 fnt
|faint|p2a: Fezandipiti
|
|upkeep
|
|t:|1715108055
|switch|p2a: Ogerpon|Ogerpon-Hearthflame, L74, F|239/239
|-damage|p2a: Ogerpon|180/239|[from] Stealth Rock
|-ability|p2a: Ogerpon|Mold Breaker
|turn|19
|
|t:|1715108065
|switch|p1a: Avalugg|Avalugg, L87, F, tera:Fighting|241/307
|move|p2a: Ogerpon|Swords Dance|p2a: Ogerpon
|-boost|p2a: Ogerpon|atk|2
|
|upkeep
|turn|20
|
|t:|1715108077
|move|p2a: Ogerpon|Ivy Cudgel|p1a: Avalugg|[anim] Ivy Cudgel Fire
|-crit|p1a: Avalugg
|-damage|p1a: Avalugg|42/307
|move|p1a: Avalugg|Recover|p1a: Avalugg
|-heal|p1a: Avalugg|196/307
|
|upkeep
|turn|21
|
|t:|1715108095
|move|p2a: Ogerpon|Ivy Cudgel|p1a: Avalugg|[anim] Ivy Cudgel Fire
|-damage|p1a: Avalugg|75/307
|move|p1a: Avalugg|Body Press|p2a: Ogerpon
|-damage|p2a: Ogerpon|0 fnt
|faint|p2a: Ogerpon
|
|upkeep
|inactive|MichaelderBeste2 has 120 seconds left.
|l| Brandie
|
|t:|1715108122
|switch|p2a: Stonjourner|Stonjourner, L91, M|282/330 tox
|-damage|p2a: Stonjourner|241/330 tox|[from] Stealth Rock
|turn|22
|c| PokeChess|ngl rampardos is just stupid "sometimes" ~~often~~
|inactive|MichaelderBeste2 has 120 seconds left.
|
|t:|1715108133
|-terastallize|p2a: Stonjourner|Fire
|move|p2a: Stonjourner|Rock Polish|p2a: Stonjourner
|-boost|p2a: Stonjourner|spe|2
|move|p1a: Avalugg|Body Press|p2a: Stonjourner
|-damage|p2a: Stonjourner|147/330 tox
|
|-damage|p2a: Stonjourner|127/330 tox|[from] psn
|upkeep
|turn|23
|inactive|Delta 2777 has 60 seconds left.
|
|t:|1715108150
|switch|p1a: Floatzel|Floatzel, L85, M|55/283
|move|p2a: Stonjourner|Earthquake|p1a: Floatzel
|-damage|p1a: Floatzel|0 fnt
|faint|p1a: Floatzel
|-damage|p2a: Stonjourner|94/330 tox|[from] item: Life Orb
|
|-damage|p2a: Stonjourner|54/330 tox|[from] psn
|upkeep
|
|t:|1715108159
|switch|p1a: Avalugg|Avalugg, L87, F, tera:Fighting|75/307
|turn|24
|
|t:|1715108161
|move|p2a: Stonjourner|Earthquake|p1a: Avalugg
|-damage|p1a: Avalugg|1/307
|-damage|p2a: Stonjourner|21/330 tox|[from] item: Life Orb
|move|p1a: Avalugg|Body Press|p2a: Stonjourner
|-damage|p2a: Stonjourner|0 fnt
|faint|p2a: Stonjourner
|
|win|Delta 2777
|raw|Delta 2777's rating: 2527 &rarr; <strong>2547</strong><br />(+20 for winning)
|raw|MichaelderBeste2's rating: 2522 &rarr; <strong>2502</strong><br />(-20 for losing)
|l|☆MichaelderBeste2
|player|p2|
|l|☆Delta 2777
|player|p1|
|l| fdbdfbd
|l| PokeChess
|j|☆Delta 2777
|player|p1|Delta 2777|265|
|l|☆Delta 2777
|player|p1|
