|badge|p1|silver|gen9randombattle|30-6
|uhtml|medal-msg|<div class="broadcast-blue">Curious what those medals under the avatar are? PS now has Ladder Seasons! For more information, check out the <a href="https://www.smogon.com/forums/threads/3740067/">thread on Smogon.</a></div>
|badge|p2|gold|gen9randombattle|3-6
|uhtml|medal-msg|<div class="broadcast-blue">Curious what those medals under the avatar are? PS now has Ladder Seasons! For more information, check out the <a href="https://www.smogon.com/forums/threads/3740067/">thread on Smogon.</a></div>
|j|☆MichaelderBeste2
|j|☆Aqua
|t:|1751485725
|gametype|singles
|player|p1|MichaelderBeste2|#splxviraiders|2453
|player|p2|Aqua|#rbtt6teamlatiasf|2499
|gen|9
|tier|[Gen 9] Random Battle
|rated|
|rule|Species Clause: Limit one of each Pokémon
|rule|HP Percentage Mod: HP is shown in percentages
|rule|Sleep Clause Mod: Limit one foe put to sleep
|rule|Illusion Level Mod: Illusion disguises the Pokémon's true level
|
|t:|1751485725
|teamsize|p1|6
|teamsize|p2|6
|start
|switch|p1a: Incineroar|Incineroar, L82, F|290/290
|switch|p2a: Necrozma|Necrozma-Dusk-Mane, L69|248/248
|-ability|p1a: Incineroar|Intimidate|boost
|-unboost|p2a: Necrozma|atk|1
|turn|1
|c|☆Aqua|now you come back :(
|c|☆MichaelderBeste2|hf
|c|☆Aqua|hf
|c|☆MichaelderBeste2|Well, it's only this and bring pick left
|c|☆MichaelderBeste2|Afaik
|c|☆Aqua|o rlly
|c|☆Aqua|did you check everything
|c|☆Aqua|and made sure
|c|☆MichaelderBeste2|Lemme check
|c|☆Aqua|mhm
|c|☆Aqua|how unfortunate that both you and Dr Father have your own goals, he has YT content to take care of lol
|j| threedope
|c|☆MichaelderBeste2|In some gens I have to win one cause I got passed again :*
|c|☆MichaelderBeste2|:(*
|c|☆Aqua|F
|
|t:|1751485871
|switch|p2a: Phione|Phione, L91|293/293
|move|p1a: Incineroar|U-turn|p2a: Phione
|-damage|p2a: Phione|239/293
|c|☆MichaelderBeste2|Anyways
|c|☆MichaelderBeste2|Lets habe a good one
|
|t:|1751485886
|switch|p1a: Samurott|Samurott-Hisui, L77, F|265/265|[from] U-turn
|
|-heal|p2a: Phione|257/293|[from] item: Leftovers
|upkeep
|turn|2
|c|☆Aqua|ya
|
|t:|1751485894
|move|p2a: Phione|Grass Knot|p1a: Samurott
|-supereffective|p1a: Samurott
|-damage|p1a: Samurott|99/265
|move|p1a: Samurott|Ceaseless Edge|p2a: Phione
|-damage|p2a: Phione|127/293
|-sidestart|p2: Aqua|Spikes
|-damage|p1a: Samurott|73/265|[from] item: Life Orb
|
|-heal|p2a: Phione|145/293|[from] item: Leftovers
|upkeep
|turn|3
|
|t:|1751485902
|switch|p1a: Farigiraf|Farigiraf, L91, M|366/366
|move|p2a: Phione|Grass Knot|p1a: Farigiraf
|-ability|p1a: Farigiraf|Sap Sipper|boost
|-boost|p1a: Farigiraf|atk|1
|
|-heal|p2a: Phione|163/293|[from] item: Leftovers
|upkeep
|turn|4
|
|t:|1751485915
|switch|p2a: Kricketune|Kricketune, L99, F|312/312
|move|p1a: Farigiraf|Body Slam|p2a: Kricketune
|-crit|p2a: Kricketune
|-damage|p2a: Kricketune|50/312
|-status|p2a: Kricketune|par
|
|upkeep
|turn|5
|
|t:|1751485925
|move|p1a: Farigiraf|Body Slam|p2a: Kricketune
|-damage|p2a: Kricketune|0 fnt
|faint|p2a: Kricketune
|
|upkeep
|
|t:|1751485932
|switch|p2a: Duraludon|Duraludon, L82, M|249/249
|-damage|p2a: Duraludon|218/249|[from] Spikes
|turn|6
|
|t:|1751485937
|move|p2a: Duraludon|Iron Defense|p2a: Duraludon
|-boost|p2a: Duraludon|def|2
|move|p1a: Farigiraf|Body Slam|p2a: Duraludon
|-resisted|p2a: Duraludon
|-damage|p2a: Duraludon|198/249
|
|upkeep
|turn|7
|
|t:|1751485944
|switch|p1a: Gothitelle|Gothitelle, L90, F|272/272
|move|p2a: Duraludon|Iron Defense|p2a: Duraludon
|-boost|p2a: Duraludon|def|2
|
|upkeep
|turn|8
|
|t:|1751485950
|move|p1a: Gothitelle|Focus Blast|p2a: Duraludon|[miss]
|-miss|p1a: Gothitelle|p2a: Duraludon
|move|p2a: Duraludon|Flash Cannon|p1a: Gothitelle
|-damage|p1a: Gothitelle|200/272
|
|upkeep
|turn|9
|
|t:|1751485957
|move|p1a: Gothitelle|Focus Blast|p2a: Duraludon|[miss]
|-miss|p1a: Gothitelle|p2a: Duraludon
|move|p2a: Duraludon|Flash Cannon|p1a: Gothitelle
|-damage|p1a: Gothitelle|125/272
|-unboost|p1a: Gothitelle|spd|1
|
|upkeep
|turn|10
|
|t:|1751485974
|move|p1a: Gothitelle|Focus Blast|p2a: Duraludon|[miss]
|-miss|p1a: Gothitelle|p2a: Duraludon
|move|p2a: Duraludon|Draco Meteor|p1a: Gothitelle
|-damage|p1a: Gothitelle|0 fnt
|-unboost|p2a: Duraludon|spa|2
|faint|p1a: Gothitelle
|
|upkeep
|c|☆MichaelderBeste2|Hm
|c|☆Aqua|bruh what is this lol
|c|☆Aqua|we jinxed it
|
|t:|1751485990
|switch|p1a: Luvdisc|Luvdisc, F|247/247
|turn|11
|
|t:|1751485994
|move|p1a: Luvdisc|Substitute|p1a: Luvdisc
|-start|p1a: Luvdisc|Substitute
|-damage|p1a: Luvdisc|186/247
|move|p2a: Duraludon|Body Press|p1a: Luvdisc
|-end|p1a: Luvdisc|Substitute
|
|upkeep
|turn|12
|j| MDILL97
|
|t:|1751485997
|move|p1a: Luvdisc|Substitute|p1a: Luvdisc
|-start|p1a: Luvdisc|Substitute
|-damage|p1a: Luvdisc|125/247
|move|p2a: Duraludon|Body Press|p1a: Luvdisc
|-end|p1a: Luvdisc|Substitute
|
|upkeep
|turn|13
|
|t:|1751486002
|move|p1a: Luvdisc|Substitute|p1a: Luvdisc
|-start|p1a: Luvdisc|Substitute
|-damage|p1a: Luvdisc|64/247
|move|p2a: Duraludon|Body Press|p1a: Luvdisc
|-end|p1a: Luvdisc|Substitute
|
|upkeep
|turn|14
|
|t:|1751486007
|move|p1a: Luvdisc|Substitute|p1a: Luvdisc
|-start|p1a: Luvdisc|Substitute
|-damage|p1a: Luvdisc|3/247
|move|p2a: Duraludon|Body Press|p1a: Luvdisc
|-end|p1a: Luvdisc|Substitute
|
|upkeep
|turn|15
|
|t:|1751486014
|move|p1a: Luvdisc|Endeavor|p2a: Duraludon
|-damage|p2a: Duraludon|3/249
|move|p2a: Duraludon|Body Press|p1a: Luvdisc
|-damage|p1a: Luvdisc|0 fnt
|faint|p1a: Luvdisc
|
|upkeep
|
|t:|1751486016
|switch|p1a: Houndstone|Houndstone, L86, M|264/264
|turn|16
|
|t:|1751486028
|move|p1a: Houndstone|Shadow Sneak|p2a: Duraludon
|-damage|p2a: Duraludon|0 fnt
|faint|p2a: Duraludon
|
|upkeep
|
|t:|1751486038
|switch|p2a: Phione|Phione, L91|163/293
|-damage|p2a: Phione|127/293|[from] Spikes
|turn|17
|
|t:|1751486045
|move|p2a: Phione|Scald|p1a: Houndstone
|-damage|p1a: Houndstone|212/264
|move|p1a: Houndstone|Poltergeist|p2a: Phione
|-activate|p2a: Phione|move: Poltergeist|Leftovers
|-damage|p2a: Phione|0 fnt
|faint|p2a: Phione
|
|upkeep
|
|t:|1751486055
|switch|p2a: Whimsicott|Whimsicott, L84, M|238/238
|-damage|p2a: Whimsicott|209/238|[from] Spikes
|turn|18
|
|t:|1751486061
|switch|p1a: Farigiraf|Farigiraf, L91, M|366/366
|move|p2a: Whimsicott|Substitute|p2a: Whimsicott
|-start|p2a: Whimsicott|Substitute
|-damage|p2a: Whimsicott|150/238
|
|-heal|p2a: Whimsicott|164/238|[from] item: Leftovers
|upkeep
|turn|19
|
|t:|1751486070
|switch|p2a: Necrozma|Necrozma-Dusk-Mane, L69|248/248
|-damage|p2a: Necrozma|217/248|[from] Spikes
|move|p1a: Farigiraf|Psychic Noise|p2a: Necrozma
|-resisted|p2a: Necrozma
|-damage|p2a: Necrozma|190/248
|-start|p2a: Necrozma|move: Heal Block
|
|upkeep
|turn|20
|
|t:|1751486099
|switch|p1a: Incineroar|Incineroar, L82, F|290/290
|-ability|p1a: Incineroar|Intimidate|boost
|-unboost|p2a: Necrozma|atk|1
|move|p2a: Necrozma|Dragon Dance|p2a: Necrozma
|-boost|p2a: Necrozma|atk|1
|-boost|p2a: Necrozma|spe|1
|
|-end|p2a: Necrozma|move: Heal Block
|upkeep
|turn|21
|
|t:|1751486127
|-terastallize|p2a: Necrozma|Ground
|move|p2a: Necrozma|Earthquake|p1a: Incineroar
|-supereffective|p1a: Incineroar
|-damage|p1a: Incineroar|92/290
|move|p1a: Incineroar|U-turn|p2a: Necrozma
|-damage|p2a: Necrozma|141/248
|l| MDILL97
|
|t:|1751486162
|switch|p1a: Farigiraf|Farigiraf, L91, M|366/366|[from] U-turn
|
|upkeep
|turn|22
|c|☆Aqua|I can't really bypass the giraffe
|c|☆Aqua|at all
|c|☆Aqua|gg
|-message|Aqua forfeited.
|
|win|MichaelderBeste2
|raw|MichaelderBeste2's rating: 2453 &rarr; <strong>2476</strong><br />(+23 for winning)
|raw|Aqua's rating: 2499 &rarr; <strong>2476</strong><br />(-23 for losing)
|c|☆MichaelderBeste2|gg
|l|☆MichaelderBeste2
|player|p1|
