|badge|p1|gold|gen9randombattle|3-2
|uhtml|medal-msg|<div class="broadcast-blue">Curious what those medals under the avatar are? PS now has Ladder Seasons! For more information, check out the <a href="https://www.smogon.com/forums/threads/3740067/">thread on Smogon.</a></div>
|badge|p2|gold|gen9randombattle|3-2
|uhtml|medal-msg|<div class="broadcast-blue">Curious what those medals under the avatar are? PS now has Ladder Seasons! For more information, check out the <a href="https://www.smogon.com/forums/threads/3740067/">thread on Smogon.</a></div>
|j|☆Referrals
|j|☆MichaelderBeste2
|t:|1720261599
|gametype|singles
|player|p1|Referrals|may-masters|2510
|player|p2|MichaelderBeste2|#rbtt7teamdarkrai|2550
|teamsize|p1|6
|teamsize|p2|6
|gen|9
|tier|[Gen 9] Random Battle
|rated|
|rule|Species Clause: Limit one of each Pokémon
|rule|HP Percentage Mod: HP is shown in percentages
|rule|Sleep Clause Mod: Limit one foe put to sleep
|rule|Illusion Level Mod: Illusion disguises the Pokémon's true level
|
|t:|1720261599
|start
|switch|p1a: Kommo-o|Kommo-o, L78, F|245/245
|switch|p2a: Oricorio|Oricorio-Sensu, L85, M|266/266
|turn|1
|inactive|Battle timer is ON: inactive players will automatically lose when time's up. (requested by Referrals)
|
|t:|1720261615
|switch|p1a: Gumshoos|Gumshoos, L95, F|321/321
|move|p2a: Oricorio|Hurricane|p1a: Gumshoos
|-damage|p1a: Gumshoos|182/321
|-start|p1a: Gumshoos|confusion
|
|upkeep
|turn|2
|
|t:|1720261621
|switch|p2a: Dipplin|Dipplin, L88, M|284/284
|-activate|p1a: Gumshoos|confusion
|move|p1a: Gumshoos|U-turn|p2a: Dipplin
|-supereffective|p2a: Dipplin
|-damage|p2a: Dipplin|176/284
|
|t:|1720261628
|switch|p1a: Vivillon|Vivillon-Jungle, L84, F|272/272|[from] U-turn
|
|upkeep
|turn|3
|
|t:|1720261632
|move|p1a: Vivillon|Hurricane|p2a: Dipplin
|-supereffective|p2a: Dipplin
|-damage|p2a: Dipplin|18/284
|-start|p2a: Dipplin|confusion
|-activate|p2a: Dipplin|confusion
|move|p2a: Dipplin|Dragon Tail|p1a: Vivillon
|-damage|p1a: Vivillon|185/272
|drag|p1a: Iron Valiant|Iron Valiant, L79|247/247
|
|upkeep
|turn|4
|
|t:|1720261641
|switch|p2a: Sylveon|Sylveon, L85, M|300/300
|move|p1a: Iron Valiant|Knock Off|p2a: Sylveon
|-resisted|p2a: Sylveon
|-damage|p2a: Sylveon|243/300
|-enditem|p2a: Sylveon|Leftovers|[from] move: Knock Off|[of] p1a: Iron Valiant
|-damage|p1a: Iron Valiant|223/247|[from] item: Life Orb
|
|upkeep
|turn|5
|
|t:|1720261668
|switch|p2a: Oricorio|Oricorio-Sensu, L85, M|266/266
|move|p1a: Iron Valiant|Spirit Break|p2a: Oricorio
|-damage|p2a: Oricorio|137/266
|-unboost|p2a: Oricorio|spa|1
|-damage|p1a: Iron Valiant|199/247|[from] item: Life Orb
|
|upkeep
|turn|6
|
|t:|1720261673
|switch|p2a: Sylveon|Sylveon, L85, M|243/300
|move|p1a: Iron Valiant|Swords Dance|p1a: Iron Valiant
|-boost|p1a: Iron Valiant|atk|2
|
|upkeep
|turn|7
|
|t:|1720261678
|switch|p2a: Dipplin|Dipplin, L88, M|18/284
|move|p1a: Iron Valiant|Close Combat|p2a: Dipplin
|-damage|p2a: Dipplin|0 fnt
|-unboost|p1a: Iron Valiant|def|1
|-unboost|p1a: Iron Valiant|spd|1
|faint|p2a: Dipplin
|-damage|p1a: Iron Valiant|175/247|[from] item: Life Orb
|
|upkeep
|
|t:|1720261680
|switch|p2a: Zamazenta|Zamazenta, L72|251/251
|-ability|p2a: Zamazenta|Dauntless Shield|boost
|-boost|p2a: Zamazenta|def|1
|turn|8
|
|t:|1720261699
|move|p2a: Zamazenta|Psychic Fangs|p1a: Iron Valiant
|-supereffective|p1a: Iron Valiant
|-damage|p1a: Iron Valiant|0 fnt
|faint|p1a: Iron Valiant
|-end|p1a: Iron Valiant|Quark Drive|[silent]
|
|upkeep
|inactive|Referrals has 120 seconds left.
|
|t:|1720261730
|switch|p1a: Vivillon|Vivillon-Jungle, L84, F|185/272
|turn|9
|
|t:|1720261736
|switch|p2a: Umbreon|Umbreon, L84, F|297/297
|move|p1a: Vivillon|Sleep Powder|p2a: Umbreon
|-status|p2a: Umbreon|slp|[from] move: Sleep Powder
|
|upkeep
|turn|10
|inactive|Referrals has 120 seconds left.
|
|t:|1720261746
|switch|p1a: Gumshoos|Gumshoos, L95, F|182/321
|switch|p2a: Oricorio|Oricorio-Sensu, L85, M|137/266
|
|upkeep
|turn|11
|
|t:|1720261750
|switch|p2a: Sylveon|Sylveon, L85, M|243/300
|move|p1a: Gumshoos|Earthquake|p2a: Sylveon
|-crit|p2a: Sylveon
|-damage|p2a: Sylveon|0 fnt
|faint|p2a: Sylveon
|
|upkeep
|
|t:|1720261755
|switch|p2a: Oricorio|Oricorio-Sensu, L85, M|137/266
|turn|12
|
|t:|1720261766
|switch|p1a: Houndstone|Houndstone, L86, M|264/264
|move|p2a: Oricorio|Quiver Dance|p2a: Oricorio
|-boost|p2a: Oricorio|spa|1
|-boost|p2a: Oricorio|spd|1
|-boost|p2a: Oricorio|spe|1
|
|upkeep
|turn|13
|inactive|Referrals has 120 seconds left.
|
|t:|1720261810
|move|p2a: Oricorio|Revelation Dance|p1a: Houndstone
|-supereffective|p1a: Houndstone
|-damage|p1a: Houndstone|0 fnt
|faint|p1a: Houndstone
|
|upkeep
|inactive|Referrals has 90 seconds left.
|
|t:|1720261837
|switch|p1a: Gumshoos|Gumshoos, L95, F|182/321
|turn|14
|
|t:|1720261840
|move|p2a: Oricorio|Hurricane|p1a: Gumshoos
|-damage|p1a: Gumshoos|0 fnt
|faint|p1a: Gumshoos
|
|upkeep
|
|t:|1720261848
|switch|p1a: Archaludon|Archaludon, L78, M|268/268
|turn|15
|
|t:|1720261853
|move|p2a: Oricorio|Roost|p2a: Oricorio
|-heal|p2a: Oricorio|266/266
|-singleturn|p2a: Oricorio|move: Roost
|move|p1a: Archaludon|Outrage|p2a: Oricorio
|-damage|p2a: Oricorio|128/266
|
|upkeep
|turn|16
|j| ghostilex
|
|t:|1720261857
|move|p2a: Oricorio|Roost|p2a: Oricorio
|-heal|p2a: Oricorio|261/266
|-singleturn|p2a: Oricorio|move: Roost
|move|p1a: Archaludon|Outrage|p2a: Oricorio|[from]lockedmove
|-damage|p2a: Oricorio|113/266
|
|upkeep
|turn|17
|
|t:|1720261859
|move|p2a: Oricorio|Roost|p2a: Oricorio
|-heal|p2a: Oricorio|246/266
|-singleturn|p2a: Oricorio|move: Roost
|move|p1a: Archaludon|Outrage|p2a: Oricorio|[from]lockedmove
|-damage|p2a: Oricorio|99/266
|-start|p1a: Archaludon|confusion|[fatigue]
|-enditem|p1a: Archaludon|Lum Berry|[eat]
|-end|p1a: Archaludon|confusion
|
|upkeep
|turn|18
|
|t:|1720261864
|move|p2a: Oricorio|Roost|p2a: Oricorio
|-heal|p2a: Oricorio|232/266
|-singleturn|p2a: Oricorio|move: Roost
|move|p1a: Archaludon|Outrage|p2a: Oricorio
|-damage|p2a: Oricorio|90/266
|
|upkeep
|turn|19
|
|t:|1720261867
|move|p2a: Oricorio|Roost|p2a: Oricorio
|-heal|p2a: Oricorio|223/266
|-singleturn|p2a: Oricorio|move: Roost
|move|p1a: Archaludon|Outrage|p2a: Oricorio|[from]lockedmove
|-damage|p2a: Oricorio|79/266
|
|upkeep
|turn|20
|
|t:|1720261868
|move|p2a: Oricorio|Roost|p2a: Oricorio
|-heal|p2a: Oricorio|212/266
|-singleturn|p2a: Oricorio|move: Roost
|move|p1a: Archaludon|Outrage|p2a: Oricorio|[from]lockedmove
|-damage|p2a: Oricorio|79/266
|-start|p1a: Archaludon|confusion|[fatigue]
|
|upkeep
|turn|21
|
|t:|1720261872
|move|p2a: Oricorio|Roost|p2a: Oricorio
|-heal|p2a: Oricorio|212/266
|-singleturn|p2a: Oricorio|move: Roost
|-activate|p1a: Archaludon|confusion
|move|p1a: Archaludon|Outrage|p2a: Oricorio
|-damage|p2a: Oricorio|74/266
|
|upkeep
|turn|22
|
|t:|1720261874
|move|p2a: Oricorio|Roost|p2a: Oricorio
|-heal|p2a: Oricorio|207/266
|-singleturn|p2a: Oricorio|move: Roost
|-activate|p1a: Archaludon|confusion
|move|p1a: Archaludon|Outrage|p2a: Oricorio|[from]lockedmove
|-damage|p2a: Oricorio|63/266
|
|upkeep
|turn|23
|
|t:|1720261876
|move|p2a: Oricorio|Revelation Dance|p1a: Archaludon
|-damage|p1a: Archaludon|61/268
|-ability|p1a: Archaludon|Stamina|boost
|-boost|p1a: Archaludon|def|1
|-activate|p1a: Archaludon|confusion
|move|p1a: Archaludon|Outrage|p2a: Oricorio
|-damage|p2a: Oricorio|0 fnt
|faint|p2a: Oricorio
|
|upkeep
|
|t:|1720261880
|switch|p2a: Manaphy|Manaphy, L78|284/284
|turn|24
|
|t:|1720261883
|move|p2a: Manaphy|Tail Glow|p2a: Manaphy
|-boost|p2a: Manaphy|spa|3
|-activate|p1a: Archaludon|confusion
|move|p1a: Archaludon|Outrage|p2a: Manaphy|[from]lockedmove
|-damage|p2a: Manaphy|161/284
|
|-heal|p2a: Manaphy|178/284|[from] item: Leftovers
|upkeep
|turn|25
|
|t:|1720261886
|move|p2a: Manaphy|Ice Beam|p1a: Archaludon
|-damage|p1a: Archaludon|0 fnt
|faint|p1a: Archaludon
|
|-heal|p2a: Manaphy|195/284|[from] item: Leftovers
|upkeep
|
|t:|1720261889
|switch|p1a: Kommo-o|Kommo-o, L78, F|245/245
|turn|26
|
|t:|1720261893
|move|p2a: Manaphy|Surf|p1a: Kommo-o
|-resisted|p1a: Kommo-o
|-damage|p1a: Kommo-o|140/245
|move|p1a: Kommo-o|Scale Shot|p2a: Manaphy
|-damage|p2a: Manaphy|168/284
|-damage|p2a: Manaphy|141/284
|-damage|p2a: Manaphy|117/284
|-damage|p2a: Manaphy|90/284
|-hitcount|p2a: Manaphy|4
|-unboost|p1a: Kommo-o|def|1
|-boost|p1a: Kommo-o|spe|1
|
|-heal|p2a: Manaphy|107/284|[from] item: Leftovers
|upkeep
|turn|27
|
|t:|1720261918
|move|p1a: Kommo-o|Close Combat|p2a: Manaphy
|-damage|p2a: Manaphy|0 fnt
|-unboost|p1a: Kommo-o|def|1
|-unboost|p1a: Kommo-o|spd|1
|faint|p2a: Manaphy
|
|upkeep
|
|t:|1720261927
|switch|p2a: Zamazenta|Zamazenta, L72|251/251
|turn|28
|
|t:|1720261932
|move|p1a: Kommo-o|Close Combat|p2a: Zamazenta
|-damage|p2a: Zamazenta|136/251
|-unboost|p1a: Kommo-o|def|1
|-unboost|p1a: Kommo-o|spd|1
|move|p2a: Zamazenta|Psychic Fangs|p1a: Kommo-o
|-supereffective|p1a: Kommo-o
|-damage|p1a: Kommo-o|0 fnt
|faint|p1a: Kommo-o
|
|upkeep
|
|t:|1720261935
|switch|p1a: Vivillon|Vivillon-Jungle, L84, F|185/272
|turn|29
|
|t:|1720261939
|move|p2a: Zamazenta|Psychic Fangs|p1a: Vivillon
|-crit|p1a: Vivillon
|-damage|p1a: Vivillon|10/272
|move|p1a: Vivillon|Quiver Dance|p1a: Vivillon
|-boost|p1a: Vivillon|spa|1
|-boost|p1a: Vivillon|spd|1
|-boost|p1a: Vivillon|spe|1
|
|upkeep
|turn|30
|
|t:|1720261963
|-terastallize|p1a: Vivillon|Flying
|move|p1a: Vivillon|Hurricane|p2a: Zamazenta
|-supereffective|p2a: Zamazenta
|-damage|p2a: Zamazenta|0 fnt
|faint|p2a: Zamazenta
|
|upkeep
|
|t:|1720261965
|switch|p2a: Umbreon|Umbreon, L84, F|297/297 slp
|turn|31
|
|t:|1720261973
|-terastallize|p2a: Umbreon|Poison
|cant|p2a: Umbreon|slp
|move|p1a: Vivillon|Hurricane|p2a: Umbreon
|-damage|p2a: Umbreon|139/297 slp
|-start|p2a: Umbreon|confusion
|
|-heal|p2a: Umbreon|157/297 slp|[from] item: Leftovers
|upkeep
|turn|32
|
|t:|1720261984
|cant|p2a: Umbreon|slp
|move|p1a: Vivillon|Quiver Dance|p1a: Vivillon
|-boost|p1a: Vivillon|spa|1
|-boost|p1a: Vivillon|spd|1
|-boost|p1a: Vivillon|spe|1
|
|-heal|p2a: Umbreon|175/297 slp|[from] item: Leftovers
|upkeep
|turn|33
|
|t:|1720261988
|-curestatus|p2a: Umbreon|slp|[msg]
|-activate|p2a: Umbreon|confusion
|-damage|p2a: Umbreon|162/297|[from] confusion
|move|p1a: Vivillon|Hurricane|p2a: Umbreon
|-damage|p2a: Umbreon|0 fnt
|faint|p2a: Umbreon
|
|win|Referrals
|raw|Referrals's rating: 2510 &rarr; <strong>2533</strong><br />(+23 for winning)
|raw|MichaelderBeste2's rating: 2560 &rarr; <strong>2537</strong><br />(-23 for losing)
|c|☆Referrals|gg
|l|☆MichaelderBeste2
|player|p2|
