|badge|p1|gold|gen9randombattle|3-2
|html|<div class="broadcast-red"><strong>This battle is required to be public due to one or more player having a season medal.</strong><br />During the public phase, you can discuss the state of the ladder <a href="/seasondiscussion">in a special chatroom.</a></div>
|uhtml|medal-msg|<div class="broadcast-blue">Curious what those medals under the avatar are? PS now has Ladder Seasons! For more information, check out the <a href="https://www.smogon.com/forums/threads/3740067/">thread on Smogon.</a></div>
|badge|p2|gold|gen9randombattle|3-2
|uhtml|medal-msg|<div class="broadcast-blue">Curious what those medals under the avatar are? PS now has Ladder Seasons! For more information, check out the <a href="https://www.smogon.com/forums/threads/3740067/">thread on Smogon.</a></div>
|raw|<div class="broadcast-blue"><strong>This battle is required to be public due to a player having a name starting with 'medal'.</div>
|j|☆MichaelderBeste2
|j|☆Triceradattilo
|t:|1727687227
|gametype|singles
|player|p1|MichaelderBeste2|#vgcpliiizoruas|2499
|player|p2|Triceradattilo|benga|2522
|teamsize|p1|6
|teamsize|p2|6
|gen|9
|tier|[Gen 9] Random Battle
|rated|
|rule|Species Clause: Limit one of each Pokémon
|rule|HP Percentage Mod: HP is shown in percentages
|rule|Sleep Clause Mod: Limit one foe put to sleep
|rule|Illusion Level Mod: Illusion disguises the Pokémon's true level
|
|t:|1727687227
|start
|switch|p1a: Tinkaton|Tinkaton, L82, F|274/274
|switch|p2a: Walking Wake|Walking Wake, L79|286/286
|-ability|p1a: Tinkaton|Mold Breaker
|turn|1
|inactive|Battle timer is ON: inactive players will automatically lose when time's up. (requested by Triceradattilo)
|j| chiicqo
|j| sashcalyrexshadow
|inactive|Triceradattilo has 120 seconds left.
|c|☆Triceradattilo|Fuck i didnt mean to start a randombattle
|
|t:|1727687272
|switch|p1a: Bellibolt|Bellibolt, L84, M|320/320
|move|p2a: Walking Wake|Flip Turn|p1a: Bellibolt
|-damage|p1a: Bellibolt|271/320
|-start|p1a: Bellibolt|Charge|Flip Turn|[from] ability: Electromorphosis
|
|t:|1727687279
|-end|p2a: Walking Wake|Protosynthesis|[silent]
|switch|p2a: Terrakion|Terrakion, L79|273/273|[from] Flip Turn
|
|-heal|p1a: Bellibolt|291/320|[from] item: Leftovers
|upkeep
|turn|2
|n| terrorbladespammer|sashcalyrexshadow
|
|t:|1727687288
|move|p2a: Terrakion|Earthquake|p1a: Bellibolt
|-supereffective|p1a: Bellibolt
|-damage|p1a: Bellibolt|73/320
|-start|p1a: Bellibolt|Charge|Earthquake|[from] ability: Electromorphosis
|move|p1a: Bellibolt|Thunderbolt|p2a: Terrakion
|-damage|p2a: Terrakion|71/273
|-status|p2a: Terrakion|par
|-end|p1a: Bellibolt|Charge|[silent]
|
|-heal|p1a: Bellibolt|93/320|[from] item: Leftovers
|upkeep
|turn|3
|
|t:|1727687298
|switch|p1a: Latias|Latias, L79, F|256/256
|cant|p2a: Terrakion|par
|
|upkeep
|turn|4
|
|t:|1727687300
|switch|p1a: Bellibolt|Bellibolt, L84, M|93/320
|switch|p2a: Cryogonal|Cryogonal, L89|287/287
|
|-heal|p1a: Bellibolt|113/320|[from] item: Leftovers
|upkeep
|turn|5
|
|t:|1727687310
|switch|p2a: Gengar|Gengar, L81, M|230/230
|move|p1a: Bellibolt|Slack Off|p1a: Bellibolt
|-heal|p1a: Bellibolt|273/320
|
|-heal|p1a: Bellibolt|293/320|[from] item: Leftovers
|upkeep
|turn|6
|
|t:|1727687317
|switch|p1a: Tinkaton|Tinkaton, L82, F|274/274
|-ability|p1a: Tinkaton|Mold Breaker
|move|p2a: Gengar|Encore||[still]
|-fail|p2a: Gengar
|
|upkeep
|turn|7
|
|t:|1727687322
|switch|p2a: Corviknight|Corviknight, L80, F|288/288
|move|p1a: Tinkaton|Gigaton Hammer|p2a: Corviknight
|-resisted|p2a: Corviknight
|-damage|p2a: Corviknight|209/288
|-damage|p1a: Tinkaton|247/274|[from] item: Life Orb
|
|upkeep
|turn|8
|l| chiicqo
|
|t:|1727687339
|switch|p1a: Bellibolt|Bellibolt, L84, M|293/320
|switch|p2a: Oinkologne|Oinkologne, L92, M|352/352
|
|-heal|p1a: Bellibolt|313/320|[from] item: Leftovers
|upkeep
|turn|9
|
|t:|1727687348
|-terastallize|p2a: Oinkologne|Ground
|move|p2a: Oinkologne|High Horsepower|p1a: Bellibolt
|-supereffective|p1a: Bellibolt
|-damage|p1a: Bellibolt|95/320
|-start|p1a: Bellibolt|Charge|High Horsepower|[from] ability: Electromorphosis
|move|p1a: Bellibolt|Toxic|p2a: Oinkologne
|-status|p2a: Oinkologne|tox
|
|-heal|p1a: Bellibolt|115/320|[from] item: Leftovers
|-damage|p2a: Oinkologne|330/352 tox|[from] psn
|upkeep
|turn|10
|
|t:|1727687356
|move|p2a: Oinkologne|High Horsepower|p1a: Bellibolt|[miss]
|-miss|p2a: Oinkologne|p1a: Bellibolt
|move|p1a: Bellibolt|Slack Off|p1a: Bellibolt
|-heal|p1a: Bellibolt|275/320
|
|-heal|p2a: Oinkologne|352/352 tox|[from] item: Leftovers
|-heal|p1a: Bellibolt|295/320|[from] item: Leftovers
|-damage|p2a: Oinkologne|308/352 tox|[from] psn
|upkeep
|turn|11
|c|☆Triceradattilo|:(
|
|t:|1727687365
|switch|p1a: Altaria|Altaria, L88, M|275/275
|move|p2a: Oinkologne|Body Slam|p1a: Altaria
|-damage|p1a: Altaria|169/275
|
|-heal|p2a: Oinkologne|330/352 tox|[from] item: Leftovers
|-damage|p2a: Oinkologne|264/352 tox|[from] psn
|upkeep
|turn|12
|j| yallbeaches
|inactive|MichaelderBeste2 has 120 seconds left.
|
|t:|1727687419
|switch|p2a: Walking Wake|Walking Wake, L79|286/286
|move|p1a: Altaria|Roost|p1a: Altaria
|-heal|p1a: Altaria|275/275
|-singleturn|p1a: Altaria|move: Roost
|
|upkeep
|turn|13
|
|t:|1727687437
|switch|p1a: Tinkaton|Tinkaton, L82, F|247/274
|-ability|p1a: Tinkaton|Mold Breaker
|move|p2a: Walking Wake|Draco Meteor|p1a: Tinkaton
|-immune|p1a: Tinkaton
|
|upkeep
|turn|14
|
|t:|1727687452
|-end|p2a: Walking Wake|Protosynthesis|[silent]
|switch|p2a: Corviknight|Corviknight, L80, F|209/288
|switch|p1a: Bellibolt|Bellibolt, L84, M|295/320
|
|-heal|p1a: Bellibolt|315/320|[from] item: Leftovers
|upkeep
|turn|15
|
|t:|1727687458
|switch|p2a: Walking Wake|Walking Wake, L79|286/286
|move|p1a: Bellibolt|Muddy Water|p2a: Walking Wake
|-resisted|p2a: Walking Wake
|-damage|p2a: Walking Wake|267/286
|-unboost|p2a: Walking Wake|accuracy|1
|
|-heal|p1a: Bellibolt|320/320|[from] item: Leftovers
|upkeep
|turn|16
|
|t:|1727687461
|move|p2a: Walking Wake|Flip Turn|p1a: Bellibolt|[miss]
|-miss|p2a: Walking Wake|p1a: Bellibolt
|move|p1a: Bellibolt|Toxic|p2a: Walking Wake
|-status|p2a: Walking Wake|tox
|
|-damage|p2a: Walking Wake|250/286 tox|[from] psn
|upkeep
|turn|17
|
|t:|1727687470
|move|p2a: Walking Wake|Flip Turn|p1a: Bellibolt
|-damage|p1a: Bellibolt|269/320
|-start|p1a: Bellibolt|Charge|Flip Turn|[from] ability: Electromorphosis
|
|t:|1727687472
|-end|p2a: Walking Wake|Protosynthesis|[silent]
|switch|p2a: Oinkologne|Oinkologne, L92, M, tera:Ground|264/352 tox|[from] Flip Turn
|move|p1a: Bellibolt|Muddy Water|p2a: Oinkologne
|-supereffective|p2a: Oinkologne
|-crit|p2a: Oinkologne
|-damage|p2a: Oinkologne|82/352 tox
|-unboost|p2a: Oinkologne|accuracy|1
|
|-heal|p2a: Oinkologne|104/352 tox|[from] item: Leftovers
|-heal|p1a: Bellibolt|289/320|[from] item: Leftovers
|-damage|p2a: Oinkologne|82/352 tox|[from] psn
|upkeep
|turn|18
|
|t:|1727687479
|switch|p1a: Altaria|Altaria, L88, M|275/275
|move|p2a: Oinkologne|Lash Out|p1a: Altaria
|-damage|p1a: Altaria|210/275
|
|-heal|p2a: Oinkologne|104/352 tox|[from] item: Leftovers
|-damage|p2a: Oinkologne|60/352 tox|[from] psn
|upkeep
|turn|19
|
|t:|1727687484
|switch|p2a: Gengar|Gengar, L81, M|230/230
|move|p1a: Altaria|Earthquake|p2a: Gengar
|-supereffective|p2a: Gengar
|-damage|p2a: Gengar|68/230
|
|upkeep
|turn|20
|
|t:|1727687491
|switch|p2a: Corviknight|Corviknight, L80, F|209/288
|move|p1a: Altaria|Brave Bird|p2a: Corviknight
|-resisted|p2a: Corviknight
|-damage|p2a: Corviknight|157/288
|-damage|p1a: Altaria|165/275|[from] item: Rocky Helmet|[of] p2a: Corviknight
|-damage|p1a: Altaria|148/275|[from] Recoil
|
|upkeep
|turn|21
|
|t:|1727687498
|switch|p2a: Oinkologne|Oinkologne, L92, M, tera:Ground|60/352 tox
|move|p1a: Altaria|Roost|p1a: Altaria
|-heal|p1a: Altaria|275/275
|-singleturn|p1a: Altaria|move: Roost
|
|-heal|p2a: Oinkologne|82/352 tox|[from] item: Leftovers
|-damage|p2a: Oinkologne|60/352 tox|[from] psn
|upkeep
|turn|22
|
|t:|1727687502
|switch|p1a: Bellibolt|Bellibolt, L84, M|289/320
|move|p2a: Oinkologne|Body Slam|p1a: Bellibolt
|-damage|p1a: Bellibolt|187/320
|-start|p1a: Bellibolt|Charge|Body Slam|[from] ability: Electromorphosis
|
|-heal|p2a: Oinkologne|82/352 tox|[from] item: Leftovers
|-heal|p1a: Bellibolt|207/320|[from] item: Leftovers
|-damage|p2a: Oinkologne|38/352 tox|[from] psn
|upkeep
|turn|23
|
|t:|1727687507
|switch|p1a: Altaria|Altaria, L88, M|275/275
|move|p2a: Oinkologne|High Horsepower|p1a: Altaria
|-immune|p1a: Altaria
|
|-heal|p2a: Oinkologne|60/352 tox|[from] item: Leftovers
|-damage|p2a: Oinkologne|0 fnt|[from] psn
|faint|p2a: Oinkologne
|upkeep
|
|t:|1727687510
|switch|p2a: Walking Wake|Walking Wake, L79|250/286 tox
|turn|24
|
|t:|1727687525
|move|p2a: Walking Wake|Flamethrower|p1a: Altaria
|-resisted|p1a: Altaria
|-damage|p1a: Altaria|229/275
|move|p1a: Altaria|Brave Bird|p2a: Walking Wake
|-damage|p2a: Walking Wake|144/286 tox
|-damage|p1a: Altaria|194/275|[from] Recoil
|
|-damage|p2a: Walking Wake|127/286 tox|[from] psn
|upkeep
|turn|25
|j| gtfhhij
|c|☆Triceradattilo|Sigh gg
|-message|Triceradattilo forfeited.
|
|win|MichaelderBeste2
|raw|MichaelderBeste2's rating: 2499 &rarr; <strong>2520</strong><br />(+21 for winning)
|raw|Triceradattilo's rating: 2522 &rarr; <strong>2501</strong><br />(-21 for losing)
|l|☆Triceradattilo
|player|p2|
|l|☆MichaelderBeste2
|player|p1|
|l| gtfhhij
