|badge|p1|silver|gen9randombattle|30-1
|uhtml|medal-msg|<div class="broadcast-blue">Curious what those medals under the avatar are? PS now has Ladder Seasons! For more information, check out the <a href="https://www.smogon.com/forums/threads/3740067/">thread on Smogon.</a></div>
|badge|p2|silver|gen9randombattle|30-1
|uhtml|medal-msg|<div class="broadcast-blue">Curious what those medals under the avatar are? PS now has Ladder Seasons! For more information, check out the <a href="https://www.smogon.com/forums/threads/3740067/">thread on Smogon.</a></div>
|j|☆Aqua
|j|☆Delta 2777
|t:|1713878365
|gametype|singles
|player|p1|Aqua|#rbtt6teamlatiasf|2489
|player|p2|Delta 2777|170|2513
|teamsize|p1|6
|teamsize|p2|6
|gen|9
|tier|[Gen 9] Random Battle
|rated|
|rule|Species Clause: Limit one of each Pokémon
|rule|HP Percentage Mod: HP is shown in percentages
|rule|Sleep Clause Mod: Limit one foe put to sleep
|rule|Illusion Level Mod: Illusion disguises the Pokémon's true level
|
|t:|1713878365
|start
|switch|p1a: Hydreigon|Hydreigon, L79, F|275/275
|switch|p2a: Dodrio|Dodrio, L85, F|241/241
|turn|1
|inactive|Battle timer is ON: inactive players will automatically lose when time's up. (requested by Delta 2777)
|c|☆Aqua|hf
|c|☆Delta 2777|u2 :3
|inactive|Aqua has 120 seconds left.
|inactive|Delta 2777 has 120 seconds left.
|
|t:|1713878406
|switch|p2a: Amoonguss|Amoonguss, L82, F|321/321
|move|p1a: Hydreigon|Dark Pulse|p2a: Amoonguss
|-damage|p2a: Amoonguss|164/321
|
|-heal|p2a: Amoonguss|184/321|[from] item: Leftovers
|upkeep
|turn|2
|j| markleshark
|
|t:|1713878420
|move|p1a: Hydreigon|Dark Pulse|p2a: Amoonguss
|-damage|p2a: Amoonguss|36/321
|move|p2a: Amoonguss|Spore|p1a: Hydreigon
|-status|p1a: Hydreigon|slp|[from] move: Spore
|
|-heal|p2a: Amoonguss|56/321|[from] item: Leftovers
|upkeep
|turn|3
|
|t:|1713878432
|switch|p2a: Furret|Furret, L93, M|309/309
|-item|p1a: Hydreigon|Choice Specs|[from] ability: Frisk|[of] p2a: Furret|[identify]
|cant|p1a: Hydreigon|slp
|
|upkeep
|turn|4
|
|t:|1713878443
|switch|p1a: Glastrier|Glastrier, L86|312/312
|move|p2a: Furret|U-turn|p1a: Glastrier
|-damage|p1a: Glastrier|260/312
|
|t:|1713878450
|switch|p2a: Gallade|Gallade, L82, M|246/246|[from] U-turn
|
|upkeep
|turn|5
|
|t:|1713878472
|switch|p1a: Mimikyu|Mimikyu, L79, M|216/216
|move|p2a: Gallade|Sacred Sword|p1a: Mimikyu
|-immune|p1a: Mimikyu
|
|upkeep
|turn|6
|
|t:|1713878479
|switch|p1a: Chandelure|Chandelure, L83, M|235/235
|switch|p2a: Jumpluff|Jumpluff, L87, F|271/271
|
|upkeep
|turn|7
|
|t:|1713878493
|move|p2a: Jumpluff|Acrobatics|p1a: Chandelure
|-damage|p1a: Chandelure|159/235
|move|p1a: Chandelure|Fire Blast|p2a: Jumpluff
|-supereffective|p2a: Jumpluff
|-damage|p2a: Jumpluff|0 fnt
|faint|p2a: Jumpluff
|
|-heal|p1a: Chandelure|173/235|[from] item: Leftovers
|upkeep
|
|t:|1713878505
|switch|p2a: Dodrio|Dodrio, L85, F|241/241
|turn|8
|
|t:|1713878535
|switch|p1a: Mimikyu|Mimikyu, L79, M|216/216
|move|p2a: Dodrio|Knock Off|p1a: Mimikyu
|-activate|p1a: Mimikyu|ability: Disguise
|-damage|p1a: Mimikyu|216/216
|-enditem|p1a: Mimikyu|Life Orb|[from] move: Knock Off|[of] p2a: Dodrio
|detailschange|p1a: Mimikyu|Mimikyu-Busted, L79, M
|-damage|p1a: Mimikyu|189/216|[from] pokemon: Mimikyu-Busted
|
|upkeep
|turn|9
|
|t:|1713878546
|switch|p2a: Kingambit|Kingambit, L74, F|270/270
|-activate|p2a: Kingambit|ability: Supreme Overlord
|-start|p2a: Kingambit|fallen1|[silent]
|move|p1a: Mimikyu|Play Rough|p2a: Kingambit
|-damage|p2a: Kingambit|195/270
|
|-heal|p2a: Kingambit|211/270|[from] item: Leftovers
|upkeep
|turn|10
|
|t:|1713878560
|switch|p1a: Arceus|Arceus-Ground, L70|284/284
|-end|p2a: Kingambit|fallen1|[silent]
|switch|p2a: Amoonguss|Amoonguss, L82, F|163/321
|
|-heal|p2a: Amoonguss|183/321|[from] item: Leftovers
|upkeep
|turn|11
|
|t:|1713878571
|switch|p1a: Chandelure|Chandelure, L83, M|173/235
|switch|p2a: Dodrio|Dodrio, L85, F|241/241
|
|-heal|p1a: Chandelure|187/235|[from] item: Leftovers
|upkeep
|turn|12
|inactive|Aqua has 120 seconds left.
|
|t:|1713878619
|move|p2a: Dodrio|Swords Dance|p2a: Dodrio
|-boost|p2a: Dodrio|atk|2
|move|p1a: Chandelure|Fire Blast|p2a: Dodrio
|-damage|p2a: Dodrio|19/241
|
|-heal|p1a: Chandelure|201/235|[from] item: Leftovers
|upkeep
|turn|13
|inactive|Aqua has 90 seconds left.
|
|t:|1713878647
|switch|p1a: Hydreigon|Hydreigon, L79, F|275/275 slp
|move|p2a: Dodrio|Knock Off|p1a: Hydreigon
|-resisted|p1a: Hydreigon
|-damage|p1a: Hydreigon|192/275 slp
|-enditem|p1a: Hydreigon|Choice Specs|[from] move: Knock Off|[of] p2a: Dodrio
|
|upkeep
|turn|14
|
|t:|1713878665
|move|p2a: Dodrio|Brave Bird|p1a: Hydreigon
|-crit|p1a: Hydreigon
|-damage|p1a: Hydreigon|0 fnt
|faint|p1a: Hydreigon
|-damage|p2a: Dodrio|0 fnt|[from] Recoil
|faint|p2a: Dodrio
|
|upkeep
|inactive|Aqua has 90 seconds left.
|
|t:|1713878682
|switch|p2a: Furret|Furret, L93, M|309/309
|switch|p1a: Chandelure|Chandelure, L83, M|201/235
|-item|p1a: Chandelure|Leftovers|[from] ability: Frisk|[of] p2a: Furret|[identify]
|turn|15
|
|t:|1713878696
|switch|p1a: Mimikyu|Mimikyu-Busted, L79, M|189/216
|move|p2a: Furret|Knock Off|p1a: Mimikyu
|-damage|p1a: Mimikyu|102/216
|
|upkeep
|turn|16
|
|t:|1713878713
|switch|p2a: Amoonguss|Amoonguss, L82, F|290/321
|switch|p1a: Arceus|Arceus-Ground, L70|284/284
|
|-heal|p2a: Amoonguss|310/321|[from] item: Leftovers
|upkeep
|turn|17
|j| 35Q71N
|
|t:|1713878723
|switch|p1a: Chandelure|Chandelure, L83, M|201/235
|move|p2a: Amoonguss|Giga Drain|p1a: Chandelure
|-resisted|p1a: Chandelure
|-damage|p1a: Chandelure|166/235
|-heal|p2a: Amoonguss|321/321|[from] drain|[of] p1a: Chandelure
|
|-heal|p1a: Chandelure|180/235|[from] item: Leftovers
|upkeep
|turn|18
|
|t:|1713878734
|switch|p2a: Furret|Furret, L93, M|309/309
|-item|p1a: Chandelure|Leftovers|[from] ability: Frisk|[of] p2a: Furret|[identify]
|move|p1a: Chandelure|Substitute|p1a: Chandelure
|-start|p1a: Chandelure|Substitute
|-damage|p1a: Chandelure|122/235
|
|-heal|p1a: Chandelure|136/235|[from] item: Leftovers
|upkeep
|turn|19
|
|t:|1713878752
|move|p2a: Furret|Knock Off|p1a: Chandelure
|-supereffective|p1a: Chandelure
|-end|p1a: Chandelure|Substitute
|move|p1a: Chandelure|Fire Blast|p2a: Furret
|-damage|p2a: Furret|101/309
|
|-heal|p1a: Chandelure|150/235|[from] item: Leftovers
|upkeep
|turn|20
|j| meamdefinitely4
|
|t:|1713878770
|switch|p2a: Amoonguss|Amoonguss, L82, F|321/321
|switch|p1a: Arceus|Arceus-Ground, L70|284/284
|
|upkeep
|turn|21
|j| Lucius artor
|
|t:|1713878791
|switch|p1a: Chandelure|Chandelure, L83, M|150/235
|move|p2a: Amoonguss|Spore|p1a: Chandelure
|-status|p1a: Chandelure|slp|[from] move: Spore
|
|-heal|p1a: Chandelure|164/235 slp|[from] item: Leftovers
|upkeep
|turn|22
|
|t:|1713878806
|switch|p2a: Kingambit|Kingambit, L74, F|211/270
|-activate|p2a: Kingambit|ability: Supreme Overlord
|-start|p2a: Kingambit|fallen2|[silent]
|cant|p1a: Chandelure|slp
|
|-heal|p1a: Chandelure|178/235 slp|[from] item: Leftovers
|-heal|p2a: Kingambit|227/270|[from] item: Leftovers
|upkeep
|turn|23
|
|t:|1713878818
|switch|p1a: Arceus|Arceus-Ground, L70|284/284
|move|p2a: Kingambit|Swords Dance|p2a: Kingambit
|-boost|p2a: Kingambit|atk|2
|
|-heal|p2a: Kingambit|243/270|[from] item: Leftovers
|upkeep
|turn|24
|l| meamdefinitely4
|
|t:|1713878837
|-terastallize|p2a: Kingambit|Dark
|move|p1a: Arceus|Judgment|p2a: Kingambit
|-damage|p2a: Kingambit|125/270
|move|p2a: Kingambit|Swords Dance|p2a: Kingambit
|-boost|p2a: Kingambit|atk|2
|
|-heal|p2a: Kingambit|141/270|[from] item: Leftovers
|upkeep
|turn|25
|inactive|Delta 2777 has 120 seconds left.
|inactive|Aqua has 60 seconds left.
|inactive|Aqua has 30 seconds left.
|
|t:|1713878898
|move|p2a: Kingambit|Sucker Punch|p1a: Arceus
|-damage|p1a: Arceus|0 fnt
|faint|p1a: Arceus
|
|-heal|p2a: Kingambit|157/270|[from] item: Leftovers
|upkeep
|inactive|Aqua has 30 seconds left.
|inactive|Aqua has 20 seconds left.
|
|t:|1713878914
|switch|p1a: Glastrier|Glastrier, L86|260/312
|turn|26
|inactive|Aqua has 30 seconds left this turn.
|inactive|Delta 2777 has 120 seconds left.
|
|t:|1713878932
|-end|p2a: Kingambit|fallen2|[silent]
|switch|p2a: Gallade|Gallade, L82, M|246/246
|-terastallize|p1a: Glastrier|Fighting
|move|p1a: Glastrier|Close Combat|p2a: Gallade
|-resisted|p2a: Gallade
|-damage|p2a: Gallade|135/246
|-unboost|p1a: Glastrier|def|1
|-unboost|p1a: Glastrier|spd|1
|
|upkeep
|turn|27
|inactive|Aqua has 30 seconds left.
|inactive|Aqua has 20 seconds left.
|inactive|Aqua has 15 seconds left.
|inactive|Aqua has 10 seconds left.
|inactiveoff|Battle timer is now OFF.
|
|t:|1713878974
|switch|p1a: Mimikyu|Mimikyu-Busted, L79, M|102/216
|move|p2a: Gallade|Psycho Cut|p1a: Mimikyu
|-damage|p1a: Mimikyu|0 fnt
|faint|p1a: Mimikyu
|-damage|p2a: Gallade|111/246|[from] item: Life Orb
|
|upkeep
|
|t:|1713878979
|switch|p1a: Gyarados|Gyarados, L79, F|280/280
|-ability|p1a: Gyarados|Intimidate|boost
|-unboost|p2a: Gallade|atk|1
|turn|28
|j| oh wow pipe bomb
|
|t:|1713879018
|move|p2a: Gallade|Psycho Cut|p1a: Gyarados
|-damage|p1a: Gyarados|159/280
|-damage|p2a: Gallade|87/246|[from] item: Life Orb
|move|p1a: Gyarados|Waterfall|p2a: Gallade
|-damage|p2a: Gallade|0 fnt
|faint|p2a: Gallade
|
|upkeep
|
|t:|1713879031
|switch|p2a: Amoonguss|Amoonguss, L82, F|321/321
|turn|29
|
|t:|1713879059
|switch|p1a: Chandelure|Chandelure, L83, M|178/235 slp
|switch|p2a: Furret|Furret, L93, M|101/309
|-item|p1a: Chandelure|Leftovers|[from] ability: Frisk|[of] p2a: Furret|[identify]
|
|-heal|p1a: Chandelure|192/235 slp|[from] item: Leftovers
|upkeep
|turn|30
|
|t:|1713879067
|switch|p1a: Gyarados|Gyarados, L79, F|159/280
|-ability|p1a: Gyarados|Intimidate|boost
|-unboost|p2a: Furret|atk|1
|move|p2a: Furret|Double-Edge|p1a: Gyarados
|-damage|p1a: Gyarados|17/280
|-damage|p2a: Furret|54/309|[from] Recoil
|
|upkeep
|turn|31
|
|t:|1713879084
|switch|p2a: Kingambit|Kingambit, L74, F, tera:Dark|157/270
|-activate|p2a: Kingambit|ability: Supreme Overlord
|-start|p2a: Kingambit|fallen3|[silent]
|switch|p1a: Chandelure|Chandelure, L83, M|192/235 slp
|
|-heal|p1a: Chandelure|206/235 slp|[from] item: Leftovers
|-heal|p2a: Kingambit|173/270|[from] item: Leftovers
|upkeep
|turn|32
|l| oh wow pipe bomb
|l| markleshark
|
|t:|1713879112
|switch|p1a: Glastrier|Glastrier, L86, tera:Fighting|260/312
|move|p2a: Kingambit|Kowtow Cleave|p1a: Glastrier
|-resisted|p1a: Glastrier
|-damage|p1a: Glastrier|197/312
|
|-heal|p2a: Kingambit|189/270|[from] item: Leftovers
|upkeep
|turn|33
|j| oh wow pipe bomb
|
|t:|1713879144
|-end|p2a: Kingambit|fallen3|[silent]
|switch|p2a: Amoonguss|Amoonguss, L82, F|321/321
|move|p1a: Glastrier|Icicle Crash|p2a: Amoonguss
|-supereffective|p2a: Amoonguss
|-damage|p2a: Amoonguss|19/321
|
|-heal|p2a: Amoonguss|39/321|[from] item: Leftovers
|upkeep
|turn|34
|
|t:|1713879153
|move|p1a: Glastrier|Heavy Slam|p2a: Amoonguss
|-damage|p2a: Amoonguss|0 fnt
|faint|p2a: Amoonguss
|-ability|p1a: Glastrier|Chilling Neigh|boost
|-boost|p1a: Glastrier|atk|1
|
|upkeep
|
|t:|1713879156
|switch|p2a: Furret|Furret, L93, M|54/309
|-item|p1a: Glastrier|Heavy-Duty Boots|[from] ability: Frisk|[of] p2a: Furret|[identify]
|turn|35
|l| oh wow pipe bomb
|j| oh wow pipe bomb
|
|t:|1713879211
|switch|p1a: Gyarados|Gyarados, L79, F|17/280
|-ability|p1a: Gyarados|Intimidate|boost
|-unboost|p2a: Furret|atk|1
|move|p2a: Furret|U-turn|p1a: Gyarados
|-resisted|p1a: Gyarados
|-damage|p1a: Gyarados|0 fnt
|faint|p1a: Gyarados
|
|t:|1713879219
|switch|p2a: Kingambit|Kingambit, L74, F, tera:Dark|189/270|[from] U-turn
|-activate|p2a: Kingambit|ability: Supreme Overlord
|-start|p2a: Kingambit|fallen4|[silent]
|
|-heal|p2a: Kingambit|205/270|[from] item: Leftovers
|upkeep
|
|t:|1713879221
|switch|p1a: Glastrier|Glastrier, L86, tera:Fighting|197/312
|turn|36
|
|t:|1713879232
|-end|p2a: Kingambit|fallen4|[silent]
|switch|p2a: Furret|Furret, L93, M|54/309
|-item|p1a: Glastrier|Heavy-Duty Boots|[from] ability: Frisk|[of] p2a: Furret|[identify]
|move|p1a: Glastrier|Heavy Slam|p2a: Furret
|-damage|p2a: Furret|0 fnt
|faint|p2a: Furret
|-ability|p1a: Glastrier|Chilling Neigh|boost
|-boost|p1a: Glastrier|atk|1
|
|upkeep
|
|t:|1713879237
|switch|p2a: Kingambit|Kingambit, L74, F, tera:Dark|205/270
|-activate|p2a: Kingambit|ability: Supreme Overlord
|-start|p2a: Kingambit|fallen5|[silent]
|turn|37
|
|t:|1713879251
|move|p2a: Kingambit|Iron Head|p1a: Glastrier
|-damage|p1a: Glastrier|97/312
|cant|p1a: Glastrier|flinch
|
|-heal|p2a: Kingambit|221/270|[from] item: Leftovers
|upkeep
|turn|38
|
|t:|1713879260
|move|p2a: Kingambit|Iron Head|p1a: Glastrier
|-damage|p1a: Glastrier|6/312
|move|p1a: Glastrier|Close Combat|p2a: Kingambit
|-supereffective|p2a: Kingambit
|-damage|p2a: Kingambit|0 fnt
|-unboost|p1a: Glastrier|def|1
|-unboost|p1a: Glastrier|spd|1
|faint|p2a: Kingambit
|-end|p2a: Kingambit|fallen5|[silent]
|
|win|Aqua
|raw|Aqua's rating: 2489 &rarr; <strong>2510</strong><br />(+21 for winning)
|raw|Delta 2777's rating: 2513 &rarr; <strong>2492</strong><br />(-21 for losing)
|c|☆Delta 2777|gg
|c|☆Aqua|gg
|l|☆Delta 2777
|player|p2|
