|badge|p1|gold|gen9randombattle|3-5
|uhtml|medal-msg|<div class="broadcast-blue">Curious what those medals under the avatar are? PS now has Ladder Seasons! For more information, check out the <a href="https://www.smogon.com/forums/threads/3740067/">thread on Smogon.</a></div>
|badge|p2|silver|gen9randombattle|30-5
|uhtml|medal-msg|<div class="broadcast-blue">Curious what those medals under the avatar are? PS now has Ladder Seasons! For more information, check out the <a href="https://www.smogon.com/forums/threads/3740067/">thread on Smogon.</a></div>
|j|☆MichaelderBeste2
|j|☆rep palestine
|t:|1746203224
|gametype|singles
|player|p1|MichaelderBeste2|#splxviraiders|2510
|player|p2|rep palestine|169|2465
|teamsize|p1|6
|teamsize|p2|6
|gen|9
|tier|[Gen 9] Random Battle
|rated|
|rule|Species Clause: Limit one of each Pokémon
|rule|HP Percentage Mod: HP is shown in percentages
|rule|Sleep Clause Mod: Limit one foe put to sleep
|rule|Illusion Level Mod: Illusion disguises the Pokémon's true level
|
|t:|1746203224
|start
|switch|p1a: Dugtrio|Dugtrio, L84, M|196/196
|switch|p2a: Scovillain|Scovillain, L91, M|266/266
|turn|1
|inactive|Battle timer is ON: inactive players will automatically lose when time's up. (requested by rep palestine)
|
|t:|1746203242
|switch|p1a: Armarouge|Armarouge, L80, M|267/267
|move|p2a: Scovillain|Flamethrower|p1a: Armarouge
|-resisted|p1a: Armarouge
|-damage|p1a: Armarouge|203/267
|
|upkeep
|turn|2
|
|t:|1746203256
|move|p2a: Scovillain|Protect|p2a: Scovillain
|-singleturn|p2a: Scovillain|Protect
|move|p1a: Armarouge|Armor Cannon|p2a: Scovillain
|-activate|p2a: Scovillain|move: Protect
|
|upkeep
|turn|3
|
|t:|1746203259
|switch|p2a: Tauros|Tauros-Paldea-Aqua, L81, M|254/254
|-ability|p2a: Tauros|Intimidate|boost
|-unboost|p1a: Armarouge|atk|1
|move|p1a: Armarouge|Armor Cannon|p2a: Tauros
|-resisted|p2a: Tauros
|-damage|p2a: Tauros|134/254
|-unboost|p1a: Armarouge|def|1
|-unboost|p1a: Armarouge|spd|1
|
|upkeep
|turn|4
|
|t:|1746203267
|switch|p1a: Sawsbuck|Sawsbuck-Winter, L88, M|284/284
|move|p2a: Tauros|Wave Crash|p1a: Sawsbuck
|-resisted|p1a: Sawsbuck
|-damage|p1a: Sawsbuck|166/284
|-damage|p2a: Tauros|95/254|[from] Recoil
|
|upkeep
|turn|5
|
|t:|1746203275
|move|p1a: Sawsbuck|Swords Dance|p1a: Sawsbuck
|-boost|p1a: Sawsbuck|atk|2
|move|p2a: Tauros|Wave Crash|p1a: Sawsbuck
|-resisted|p1a: Sawsbuck
|-damage|p1a: Sawsbuck|52/284
|-damage|p2a: Tauros|57/254|[from] Recoil
|
|upkeep
|turn|6
|
|t:|1746203279
|switch|p2a: Scovillain|Scovillain, L91, M|266/266
|move|p1a: Sawsbuck|Horn Leech|p2a: Scovillain
|-resisted|p2a: Scovillain
|-damage|p2a: Scovillain|200/266
|-heal|p1a: Sawsbuck|85/284|[from] drain|[of] p2a: Scovillain
|-damage|p1a: Sawsbuck|57/284|[from] item: Life Orb
|
|-heal|p2a: Scovillain|216/266|[from] item: Leftovers
|upkeep
|turn|7
|
|t:|1746203283
|move|p2a: Scovillain|Protect|p2a: Scovillain
|-singleturn|p2a: Scovillain|Protect
|move|p1a: Sawsbuck|High Horsepower|p2a: Scovillain
|-activate|p2a: Scovillain|move: Protect
|
|-heal|p2a: Scovillain|232/266|[from] item: Leftovers
|upkeep
|turn|8
|
|t:|1746203285
|move|p1a: Sawsbuck|Double-Edge|p2a: Scovillain
|-damage|p2a: Scovillain|0 fnt
|faint|p2a: Scovillain
|-damage|p1a: Sawsbuck|0 fnt|[from] Recoil
|faint|p1a: Sawsbuck
|
|upkeep
|
|t:|1746203293
|switch|p1a: Samurott|Samurott, L88, M|310/310
|switch|p2a: Tauros|Tauros-Paldea-Aqua, L81, M|57/254
|-ability|p2a: Tauros|Intimidate|boost
|-unboost|p1a: Samurott|atk|1
|turn|9
|
|t:|1746203296
|move|p2a: Tauros|Close Combat|p1a: Samurott
|-damage|p1a: Samurott|126/310
|-unboost|p2a: Tauros|def|1
|-unboost|p2a: Tauros|spd|1
|move|p1a: Samurott|Grass Knot|p2a: Tauros
|-supereffective|p2a: Tauros
|-damage|p2a: Tauros|0 fnt
|faint|p2a: Tauros
|
|upkeep
|
|t:|1746203303
|switch|p2a: Manaphy|Manaphy, L78|284/284
|turn|10
|
|t:|1746203312
|switch|p1a: Clodsire|Clodsire, L81, F|343/343
|move|p2a: Manaphy|Tail Glow|p2a: Manaphy
|-boost|p2a: Manaphy|spa|3
|
|upkeep
|turn|11
|
|t:|1746203315
|move|p2a: Manaphy|Ice Beam|p1a: Clodsire
|-supereffective|p1a: Clodsire
|-damage|p1a: Clodsire|237/343
|move|p1a: Clodsire|Gunk Shot|p2a: Manaphy
|-damage|p2a: Manaphy|188/284
|
|-heal|p2a: Manaphy|205/284|[from] item: Leftovers
|-heal|p1a: Clodsire|258/343|[from] item: Leftovers
|upkeep
|turn|12
|
|t:|1746203320
|move|p2a: Manaphy|Surf|p1a: Clodsire
|-supereffective|p1a: Clodsire
|-damage|p1a: Clodsire|96/343
|move|p1a: Clodsire|Gunk Shot|p2a: Manaphy
|-damage|p2a: Manaphy|112/284
|
|-heal|p2a: Manaphy|129/284|[from] item: Leftovers
|-heal|p1a: Clodsire|117/343|[from] item: Leftovers
|upkeep
|turn|13
|
|t:|1746203325
|-terastallize|p1a: Clodsire|Steel
|move|p2a: Manaphy|Surf|p1a: Clodsire
|-crit|p1a: Clodsire
|-damage|p1a: Clodsire|0 fnt
|faint|p1a: Clodsire
|
|-heal|p2a: Manaphy|146/284|[from] item: Leftovers
|upkeep
|c|☆rep palestine|damn
|
|t:|1746203330
|switch|p1a: Dugtrio|Dugtrio, L84, M|196/196
|turn|14
|
|t:|1746203334
|move|p1a: Dugtrio|Earthquake|p2a: Manaphy
|-damage|p2a: Manaphy|0 fnt
|faint|p2a: Manaphy
|
|upkeep
|
|t:|1746203337
|switch|p2a: Cacturne|Cacturne, L92, M|278/278
|turn|15
|
|t:|1746203347
|switch|p1a: Kingambit|Kingambit, L74, M|270/270
|-activate|p1a: Kingambit|ability: Supreme Overlord
|-start|p1a: Kingambit|fallen2|[silent]
|move|p2a: Cacturne|Knock Off|p1a: Kingambit
|-resisted|p1a: Kingambit
|-crit|p1a: Kingambit
|-damage|p1a: Kingambit|153/270
|-enditem|p1a: Kingambit|Leftovers|[from] move: Knock Off|[of] p2a: Cacturne
|-damage|p2a: Cacturne|251/278|[from] item: Life Orb
|
|upkeep
|turn|16
|
|t:|1746203371
|-terastallize|p2a: Cacturne|Grass
|move|p2a: Cacturne|Leaf Storm|p1a: Kingambit
|-resisted|p1a: Kingambit
|-damage|p1a: Kingambit|0 fnt
|-unboost|p2a: Cacturne|spa|2
|faint|p1a: Kingambit
|-end|p1a: Kingambit|fallen2|[silent]
|-damage|p2a: Cacturne|224/278|[from] item: Life Orb
|
|upkeep
|
|t:|1746203387
|switch|p1a: Samurott|Samurott, L88, M|126/310
|turn|17
|
|t:|1746203408
|switch|p2a: Terapagos|Terapagos, L77, M|265/265
|-activate|p2a: Terapagos|ability: Tera Shift
|detailschange|p2a: Terapagos|Terapagos-Terastal, L77, M
|-heal|p2a: Terapagos|273/273|[silent]
|move|p1a: Samurott|Megahorn|p2a: Terapagos
|-activate|p2a: Terapagos|ability: Tera Shell
|-resisted|p2a: Terapagos
|-damage|p2a: Terapagos|229/273
|
|upkeep
|turn|18
|
|t:|1746203418
|switch|p1a: Dugtrio|Dugtrio, L84, M|196/196
|move|p2a: Terapagos|Tera Starstorm|p1a: Dugtrio
|-damage|p1a: Dugtrio|67/196
|
|upkeep
|turn|19
|
|t:|1746203424
|move|p1a: Dugtrio|Earthquake|p2a: Terapagos
|-damage|p2a: Terapagos|91/273
|move|p2a: Terapagos|Rest|p2a: Terapagos
|-status|p2a: Terapagos|slp|[from] move: Rest
|-heal|p2a: Terapagos|273/273 slp|[silent]
|-enditem|p2a: Terapagos|Chesto Berry|[eat]
|-curestatus|p2a: Terapagos|slp|[msg]
|
|upkeep
|turn|20
|
|t:|1746203426
|move|p1a: Dugtrio|Earthquake|p2a: Terapagos
|-activate|p2a: Terapagos|ability: Tera Shell
|-resisted|p2a: Terapagos
|-damage|p2a: Terapagos|195/273
|move|p2a: Terapagos|Tera Starstorm|p1a: Dugtrio
|-damage|p1a: Dugtrio|0 fnt
|faint|p1a: Dugtrio
|
|upkeep
|
|t:|1746203427
|switch|p1a: Armarouge|Armarouge, L80, M|203/267
|turn|21
|
|t:|1746203431
|move|p2a: Terapagos|Dark Pulse|p1a: Armarouge
|-supereffective|p1a: Armarouge
|-damage|p1a: Armarouge|85/267
|move|p1a: Armarouge|Armor Cannon|p2a: Terapagos
|-damage|p2a: Terapagos|0 fnt
|-unboost|p1a: Armarouge|def|1
|-unboost|p1a: Armarouge|spd|1
|faint|p2a: Terapagos
|
|upkeep
|
|t:|1746203439
|switch|p2a: Darkrai|Darkrai, L77|234/234
|turn|22
|
|t:|1746203442
|move|p2a: Darkrai|Dark Pulse|p1a: Armarouge
|-supereffective|p1a: Armarouge
|-damage|p1a: Armarouge|0 fnt
|faint|p1a: Armarouge
|
|upkeep
|
|t:|1746203444
|switch|p1a: Samurott|Samurott, L88, M|126/310
|turn|23
|
|t:|1746203445
|move|p2a: Darkrai|Dark Pulse|p1a: Samurott
|-damage|p1a: Samurott|57/310
|move|p1a: Samurott|Megahorn|p2a: Darkrai
|-supereffective|p2a: Darkrai
|-damage|p2a: Darkrai|28/234
|
|-heal|p2a: Darkrai|42/234|[from] item: Leftovers
|upkeep
|turn|24
|
|t:|1746203448
|move|p2a: Darkrai|Dark Pulse|p1a: Samurott
|-crit|p1a: Samurott
|-damage|p1a: Samurott|0 fnt
|faint|p1a: Samurott
|
|win|rep palestine
|raw|MichaelderBeste2's rating: 2510 &rarr; <strong>2487</strong><br />(-23 for losing)
|raw|rep palestine's rating: 2465 &rarr; <strong>2488</strong><br />(+23 for winning)
|l|☆rep palestine
|player|p2|
|l|☆MichaelderBeste2
|player|p1|
|j| 64buyer
|j|☆rep palestine
|player|p2|rep palestine|169|
