|badge|p1|gold|gen9randombattle|3-1
|uhtml|medal-msg|<div class="broadcast-blue">Curious what those medals under the avatar are? PS now has Ladder Seasons! For more information, check out the <a href="https://www.smogon.com/forums/threads/3740067/">thread on Smogon.</a></div>
|badge|p2|gold|gen9randombattle|3-1
|uhtml|medal-msg|<div class="broadcast-blue">Curious what those medals under the avatar are? PS now has Ladder Seasons! For more information, check out the <a href="https://www.smogon.com/forums/threads/3740067/">thread on Smogon.</a></div>
|j|☆Aqua
|j|☆Delta 2777
|t:|1714166443
|gametype|singles
|player|p1|Aqua|#rbtt6teamlatiasf|2564
|player|p2|Delta 2777|1|2547
|teamsize|p1|6
|teamsize|p2|6
|gen|9
|tier|[Gen 9] Random Battle
|rated|
|rule|Species Clause: Limit one of each Pokémon
|rule|HP Percentage Mod: HP is shown in percentages
|rule|Sleep Clause Mod: Limit one foe put to sleep
|rule|Illusion Level Mod: Illusion disguises the Pokémon's true level
|
|t:|1714166443
|start
|switch|p1a: Heracross|Heracross, L80, M|259/259
|switch|p2a: Greninja|Greninja, L80, M|246/246
|turn|1
|inactive|Battle timer is ON: inactive players will automatically lose when time's up. (requested by Delta 2777)
|j| XxXFortnite69KidXX
|inactive|Aqua has 120 seconds left.
|j| 35Q71N
|c|☆Delta 2777|hf
|c|☆Aqua|hf!
|
|t:|1714166480
|switch|p1a: Mudsdale|Mudsdale, L84, M|305/305
|switch|p2a: Gyarados|Gyarados, L79, F|280/280
|-ability|p2a: Gyarados|Intimidate|boost
|-unboost|p1a: Mudsdale|atk|1
|
|upkeep
|turn|2
|
|t:|1714166496
|switch|p1a: Granbull|Granbull, L88, F|302/302
|-ability|p1a: Granbull|Intimidate|boost
|-unboost|p2a: Gyarados|atk|1
|move|p2a: Gyarados|Dragon Dance|p2a: Gyarados
|-boost|p2a: Gyarados|atk|1
|-boost|p2a: Gyarados|spe|1
|
|upkeep
|turn|3
|
|t:|1714166507
|switch|p2a: Iron Thorns|Iron Thorns, L83|302/302
|-item|p2a: Iron Thorns|Air Balloon
|move|p1a: Granbull|Play Rough|p2a: Iron Thorns
|-damage|p2a: Iron Thorns|197/302
|-unboost|p2a: Iron Thorns|atk|1
|-enditem|p2a: Iron Thorns|Air Balloon
|
|upkeep
|turn|4
|
|t:|1714166516
|-end|p2a: Iron Thorns|Quark Drive|[silent]
|switch|p2a: Granbull|Granbull, L88, M|302/302
|-ability|p2a: Granbull|Intimidate|boost
|-unboost|p1a: Granbull|atk|1
|switch|p1a: Mudsdale|Mudsdale, L84, M|305/305
|
|upkeep
|turn|5
|
|t:|1714166522
|switch|p2a: Greninja|Greninja, L80, M|246/246
|move|p1a: Mudsdale|Stealth Rock|p2a: Greninja
|-sidestart|p2: Delta 2777|move: Stealth Rock
|
|upkeep
|turn|6
|
|t:|1714166530
|switch|p1a: Phione|Phione, L90|290/290
|move|p2a: Greninja|Toxic Spikes|p1a: Phione
|-start|p2a: Greninja|typechange|Poison|[from] ability: Protean
|-sidestart|p1: Aqua|move: Toxic Spikes
|
|upkeep
|turn|7
|
|t:|1714166548
|switch|p2a: Frosmoth|Frosmoth, L82, M|249/249
|move|p1a: Phione|Scald|p2a: Frosmoth
|-damage|p2a: Frosmoth|206/249
|
|upkeep
|turn|8
|
|t:|1714166574
|switch|p1a: Gholdengo|Gholdengo, L77|261/261
|move|p2a: Frosmoth|Ice Beam|p1a: Gholdengo
|-resisted|p1a: Gholdengo
|-damage|p1a: Gholdengo|201/261
|
|-heal|p1a: Gholdengo|217/261|[from] item: Leftovers
|upkeep
|turn|9
|
|t:|1714166598
|switch|p2a: Iron Thorns|Iron Thorns, L83|197/302
|-damage|p2a: Iron Thorns|160/302|[from] Stealth Rock
|move|p1a: Gholdengo|Shadow Ball|p2a: Iron Thorns
|-damage|p2a: Iron Thorns|60/302
|
|-heal|p1a: Gholdengo|233/261|[from] item: Leftovers
|upkeep
|turn|10
|
|t:|1714166604
|-end|p2a: Iron Thorns|Quark Drive|[silent]
|switch|p2a: Greninja|Greninja, L80, M|246/246
|-damage|p2a: Greninja|216/246|[from] Stealth Rock
|move|p1a: Gholdengo|Shadow Ball|p2a: Greninja
|-resisted|p2a: Greninja
|-damage|p2a: Greninja|163/246
|
|-heal|p1a: Gholdengo|249/261|[from] item: Leftovers
|upkeep
|turn|11
|
|t:|1714166625
|switch|p1a: Phione|Phione, L90|290/290
|-status|p1a: Phione|psn
|move|p2a: Greninja|Hydro Pump|p1a: Phione
|-start|p2a: Greninja|typechange|Water|[from] ability: Protean
|-resisted|p1a: Phione
|-damage|p1a: Phione|217/290 psn
|-damage|p2a: Greninja|139/246|[from] item: Life Orb
|
|-heal|p1a: Phione|235/290 psn|[from] item: Leftovers
|-damage|p1a: Phione|199/290 psn|[from] psn
|upkeep
|turn|12
|inactive|Delta 2777 has 120 seconds left.
|
|t:|1714166664
|switch|p2a: Frosmoth|Frosmoth, L82, M|206/249
|move|p1a: Phione|Take Heart|p1a: Phione
|-boost|p1a: Phione|spa|1
|-boost|p1a: Phione|spd|1
|-curestatus|p1a: Phione|psn|[msg]
|
|-heal|p1a: Phione|217/290|[from] item: Leftovers
|upkeep
|turn|13
|
|t:|1714166669
|move|p1a: Phione|Scald|p2a: Frosmoth
|-damage|p2a: Frosmoth|143/249
|move|p2a: Frosmoth|Quiver Dance|p2a: Frosmoth
|-boost|p2a: Frosmoth|spa|1
|-boost|p2a: Frosmoth|spd|1
|-boost|p2a: Frosmoth|spe|1
|
|-heal|p1a: Phione|235/290|[from] item: Leftovers
|upkeep
|turn|14
|
|t:|1714166676
|switch|p1a: Gholdengo|Gholdengo, L77|249/261
|move|p2a: Frosmoth|Ice Beam|p1a: Gholdengo
|-resisted|p1a: Gholdengo
|-damage|p1a: Gholdengo|168/261
|
|-heal|p1a: Gholdengo|184/261|[from] item: Leftovers
|upkeep
|turn|15
|
|t:|1714166685
|switch|p2a: Iron Thorns|Iron Thorns, L83|60/302
|-damage|p2a: Iron Thorns|23/302|[from] Stealth Rock
|move|p1a: Gholdengo|Thunder Wave|p2a: Iron Thorns
|-immune|p2a: Iron Thorns
|
|-heal|p1a: Gholdengo|200/261|[from] item: Leftovers
|upkeep
|turn|16
|
|t:|1714166688
|move|p1a: Gholdengo|Shadow Ball|p2a: Iron Thorns
|-damage|p2a: Iron Thorns|0 fnt
|faint|p2a: Iron Thorns
|-end|p2a: Iron Thorns|Quark Drive|[silent]
|
|-heal|p1a: Gholdengo|216/261|[from] item: Leftovers
|upkeep
|
|t:|1714166691
|switch|p2a: Greninja|Greninja, L80, M|139/246
|-damage|p2a: Greninja|109/246|[from] Stealth Rock
|turn|17
|
|t:|1714166702
|switch|p1a: Heracross|Heracross, L80, M|259/259
|-status|p1a: Heracross|psn
|move|p2a: Greninja|Dark Pulse|p1a: Heracross
|-start|p2a: Greninja|typechange|Dark|[from] ability: Protean
|-resisted|p1a: Heracross
|-damage|p1a: Heracross|208/259 psn
|-damage|p2a: Greninja|85/246|[from] item: Life Orb
|
|-damage|p1a: Heracross|176/259 psn|[from] psn
|upkeep
|turn|18
|j| Referrals
|
|t:|1714166729
|switch|p2a: Granbull|Granbull, L88, M|302/302
|-damage|p2a: Granbull|265/302|[from] Stealth Rock
|-ability|p2a: Granbull|Intimidate|boost
|-unboost|p1a: Heracross|atk|1
|move|p1a: Heracross|Close Combat|p2a: Granbull
|-resisted|p2a: Granbull
|-damage|p2a: Granbull|218/302
|-unboost|p1a: Heracross|def|1
|-unboost|p1a: Heracross|spd|1
|
|-heal|p2a: Granbull|236/302|[from] item: Leftovers
|-damage|p1a: Heracross|144/259 psn|[from] psn
|upkeep
|turn|19
|inactive|Delta 2777 has 120 seconds left.
|
|t:|1714166748
|switch|p1a: Mudsdale|Mudsdale, L84, M|305/305
|-status|p1a: Mudsdale|psn
|move|p2a: Granbull|Roar|p1a: Mudsdale
|drag|p1a: Gholdengo|Gholdengo, L77|216/261
|
|-heal|p1a: Gholdengo|232/261|[from] item: Leftovers
|-heal|p2a: Granbull|254/302|[from] item: Leftovers
|upkeep
|turn|20
|inactive|Delta 2777 has 120 seconds left.
|
|t:|1714166770
|switch|p1a: Heracross|Heracross, L80, M|144/259 psn
|-terastallize|p2a: Granbull|Ground
|move|p2a: Granbull|Earthquake|p1a: Heracross
|-resisted|p1a: Heracross
|-damage|p1a: Heracross|67/259 psn
|
|-heal|p2a: Granbull|272/302|[from] item: Leftovers
|-damage|p1a: Heracross|35/259 psn|[from] psn
|upkeep
|turn|21
|
|t:|1714166780
|switch|p2a: Gyarados|Gyarados, L79, F|280/280
|-ability|p2a: Gyarados|Intimidate|boost
|-unboost|p1a: Heracross|atk|1
|move|p1a: Heracross|Close Combat|p2a: Gyarados
|-resisted|p2a: Gyarados
|-damage|p2a: Gyarados|223/280
|-unboost|p1a: Heracross|def|1
|-unboost|p1a: Heracross|spd|1
|
|-damage|p1a: Heracross|3/259 psn|[from] psn
|upkeep
|turn|22
|inactive|Aqua has 120 seconds left.
|
|t:|1714166809
|switch|p1a: Granbull|Granbull, L88, F|302/302
|-status|p1a: Granbull|psn
|-ability|p1a: Granbull|Intimidate|boost
|-unboost|p2a: Gyarados|atk|1
|move|p2a: Gyarados|Waterfall|p1a: Granbull
|-damage|p1a: Granbull|236/302 psn
|
|-heal|p1a: Granbull|254/302 psn|[from] item: Leftovers
|-damage|p1a: Granbull|217/302 psn|[from] psn
|upkeep
|turn|23
|
|t:|1714166819
|switch|p2a: Granbull|Granbull, L88, M, tera:Ground|272/302
|-damage|p2a: Granbull|254/302|[from] Stealth Rock
|-ability|p2a: Granbull|Intimidate|boost
|-unboost|p1a: Granbull|atk|1
|move|p1a: Granbull|Play Rough|p2a: Granbull
|-damage|p2a: Granbull|172/302
|
|-heal|p1a: Granbull|235/302 psn|[from] item: Leftovers
|-heal|p2a: Granbull|190/302|[from] item: Leftovers
|-damage|p1a: Granbull|198/302 psn|[from] psn
|upkeep
|turn|24
|
|t:|1714166845
|switch|p1a: Mudsdale|Mudsdale, L84, M|305/305 psn
|move|p2a: Granbull|Earthquake|p1a: Mudsdale
|-damage|p1a: Mudsdale|179/305 psn
|-ability|p1a: Mudsdale|Stamina|boost
|-boost|p1a: Mudsdale|def|1
|
|-heal|p2a: Granbull|208/302|[from] item: Leftovers
|-heal|p1a: Mudsdale|198/305 psn|[from] item: Leftovers
|-damage|p1a: Mudsdale|160/305 psn|[from] psn
|upkeep
|turn|25
|inactive|Aqua has 90 seconds left.
|inactive|Delta 2777 has 120 seconds left.
|
|t:|1714166872
|switch|p2a: Gyarados|Gyarados, L79, F|223/280
|-ability|p2a: Gyarados|Intimidate|boost
|-unboost|p1a: Mudsdale|atk|1
|move|p1a: Mudsdale|Earthquake|p2a: Gyarados
|-immune|p2a: Gyarados
|
|-heal|p1a: Mudsdale|179/305 psn|[from] item: Leftovers
|-damage|p1a: Mudsdale|141/305 psn|[from] psn
|upkeep
|turn|26
|inactive|Aqua has 90 seconds left.
|inactive|Delta 2777 has 120 seconds left.
|
|t:|1714166890
|move|p2a: Gyarados|Dragon Dance|p2a: Gyarados
|-boost|p2a: Gyarados|atk|1
|-boost|p2a: Gyarados|spe|1
|move|p1a: Mudsdale|Stone Edge|p2a: Gyarados
|-supereffective|p2a: Gyarados
|-damage|p2a: Gyarados|95/280
|
|-heal|p1a: Mudsdale|160/305 psn|[from] item: Leftovers
|-damage|p1a: Mudsdale|122/305 psn|[from] psn
|upkeep
|turn|27
|inactive|Aqua has 90 seconds left.
|inactive|Delta 2777 has 120 seconds left.
|inactive|Aqua has 60 seconds left.
|
|t:|1714166927
|move|p2a: Gyarados|Waterfall|p1a: Mudsdale
|-supereffective|p1a: Mudsdale
|-damage|p1a: Mudsdale|0 fnt
|faint|p1a: Mudsdale
|
|upkeep
|inactive|Aqua has 60 seconds left.
|
|t:|1714166956
|switch|p1a: Granbull|Granbull, L88, F|198/302 psn
|-ability|p1a: Granbull|Intimidate|boost
|-unboost|p2a: Gyarados|atk|1
|turn|28
|inactive|Delta 2777 has 120 seconds left.
|
|t:|1714166974
|move|p2a: Gyarados|Waterfall|p1a: Granbull
|-damage|p1a: Granbull|96/302 psn
|cant|p1a: Granbull|flinch
|
|-heal|p1a: Granbull|114/302 psn|[from] item: Leftovers
|-damage|p1a: Granbull|77/302 psn|[from] psn
|upkeep
|turn|29
|
|t:|1714166978
|switch|p1a: Phione|Phione, L90|235/290
|-status|p1a: Phione|psn
|move|p2a: Gyarados|Waterfall|p1a: Phione
|-resisted|p1a: Phione
|-damage|p1a: Phione|185/290 psn
|
|-heal|p1a: Phione|203/290 psn|[from] item: Leftovers
|-damage|p1a: Phione|167/290 psn|[from] psn
|upkeep
|turn|30
|
|t:|1714166986
|move|p2a: Gyarados|Earthquake|p1a: Phione
|-damage|p1a: Phione|95/290 psn
|move|p1a: Phione|Scald|p2a: Gyarados
|-resisted|p2a: Gyarados
|-damage|p2a: Gyarados|56/280
|
|-heal|p1a: Phione|113/290 psn|[from] item: Leftovers
|-damage|p1a: Phione|77/290 psn|[from] psn
|upkeep
|turn|31
|
|t:|1714166998
|switch|p1a: Granbull|Granbull, L88, F|77/302 psn
|-ability|p1a: Granbull|Intimidate|boost
|-unboost|p2a: Gyarados|atk|1
|move|p2a: Gyarados|Dragon Dance|p2a: Gyarados
|-boost|p2a: Gyarados|atk|1
|-boost|p2a: Gyarados|spe|1
|
|-heal|p1a: Granbull|95/302 psn|[from] item: Leftovers
|-damage|p1a: Granbull|58/302 psn|[from] psn
|upkeep
|turn|32
|
|t:|1714167006
|move|p2a: Gyarados|Earthquake|p1a: Granbull
|-damage|p1a: Granbull|0 fnt
|faint|p1a: Granbull
|
|upkeep
|inactive|Aqua has 60 seconds left.
|
|t:|1714167023
|switch|p1a: Gholdengo|Gholdengo, L77|232/261
|turn|33
|
|t:|1714167028
|move|p2a: Gyarados|Earthquake|p1a: Gholdengo
|-supereffective|p1a: Gholdengo
|-damage|p1a: Gholdengo|82/261
|move|p1a: Gholdengo|Shadow Ball|p2a: Gyarados
|-damage|p2a: Gyarados|0 fnt
|faint|p2a: Gyarados
|
|-heal|p1a: Gholdengo|98/261|[from] item: Leftovers
|upkeep
|
|t:|1714167055
|switch|p2a: Greninja|Greninja, L80, M|85/246
|-damage|p2a: Greninja|55/246|[from] Stealth Rock
|turn|34
|inactive|Aqua has 60 seconds left.
|
|t:|1714167101
|switch|p1a: Heracross|Heracross, L80, M|3/259 psn
|move|p2a: Greninja|Dark Pulse|p1a: Heracross
|-start|p2a: Greninja|typechange|Dark|[from] ability: Protean
|-resisted|p1a: Heracross
|-damage|p1a: Heracross|0 fnt
|faint|p1a: Heracross
|-damage|p2a: Greninja|31/246|[from] item: Life Orb
|
|upkeep
|inactive|Aqua has 30 seconds left.
|
|t:|1714167118
|switch|p1a: Phione|Phione, L90|77/290 psn
|turn|35
|
|t:|1714167123
|move|p2a: Greninja|Dark Pulse|p1a: Phione
|-crit|p1a: Phione
|-damage|p1a: Phione|0 fnt
|faint|p1a: Phione
|-damage|p2a: Greninja|7/246|[from] item: Life Orb
|
|upkeep
|
|t:|1714167126
|switch|p1a: Gholdengo|Gholdengo, L77|98/261
|turn|36
|
|t:|1714167129
|move|p2a: Greninja|Dark Pulse|p1a: Gholdengo
|-supereffective|p1a: Gholdengo
|-damage|p1a: Gholdengo|0 fnt
|faint|p1a: Gholdengo
|-damage|p2a: Greninja|0 fnt|[from] item: Life Orb
|faint|p2a: Greninja
|
|upkeep
|
|t:|1714167140
|switch|p2a: Granbull|Granbull, L88, M, tera:Ground|208/302
|switch|p1a: Chandelure|Chandelure, L83, F|235/235
|-damage|p2a: Granbull|190/302|[from] Stealth Rock
|-ability|p2a: Granbull|Intimidate|boost
|-unboost|p1a: Chandelure|atk|1
|turn|37
|inactive|Aqua has 60 seconds left.
|
|t:|1714167167
|move|p1a: Chandelure|Energy Ball|p2a: Granbull
|-supereffective|p2a: Granbull
|-damage|p2a: Granbull|0 fnt
|faint|p2a: Granbull
|
|upkeep
|
|t:|1714167185
|switch|p2a: Drifblim|Drifblim, L86, F|396/396
|-damage|p2a: Drifblim|297/396|[from] Stealth Rock
|turn|38
|inactive|Aqua has 60 seconds left.
|inactive|Aqua has 30 seconds left.
|inactive|Aqua has 20 seconds left.
|
|t:|1714167233
|-terastallize|p1a: Chandelure|Grass
|move|p2a: Drifblim|Calm Mind|p2a: Drifblim
|-boost|p2a: Drifblim|spa|1
|-boost|p2a: Drifblim|spd|1
|move|p1a: Chandelure|Calm Mind|p1a: Chandelure
|-boost|p1a: Chandelure|spa|1
|-boost|p1a: Chandelure|spd|1
|
|upkeep
|turn|39
|inactive|Aqua has 30 seconds left this turn.
|inactive|Aqua has 20 seconds left.
|inactive|Delta 2777 has 120 seconds left.
|inactive|Delta 2777 has 90 seconds left.
|inactive|Delta 2777 has 60 seconds left.
|c|☆Delta 2777|so I have like
|c|☆Delta 2777|35% to win?
|c|☆Delta 2777|something like that
|inactive|Delta 2777 has 30 seconds left.
|inactive|Delta 2777 has 20 seconds left.
|c|☆Aqua|I didn't calc anything ngl
|inactive|Delta 2777 has 15 seconds left.
|
|t:|1714167366
|move|p2a: Drifblim|Air Slash|p1a: Chandelure
|-supereffective|p1a: Chandelure
|-damage|p1a: Chandelure|67/235
|move|p1a: Chandelure|Shadow Ball|p2a: Drifblim
|-supereffective|p2a: Drifblim
|-crit|p2a: Drifblim
|-damage|p2a: Drifblim|0 fnt
|faint|p2a: Drifblim
|
|upkeep
|inactive|Aqua has 25 seconds left this turn.
|inactive|Delta 2777 has 20 seconds left this turn.
|inactive|Delta 2777 has 15 seconds left.
|
|t:|1714167372
|switch|p2a: Frosmoth|Frosmoth, L82, M|143/249
|turn|40
|inactive|Delta 2777 has 25 seconds left this turn.
|
|t:|1714167377
|move|p1a: Chandelure|Fire Blast|p2a: Frosmoth
|-supereffective|p2a: Frosmoth
|-damage|p2a: Frosmoth|0 fnt
|faint|p2a: Frosmoth
|
|win|Aqua
|inactive|Delta 2777 has 30 seconds left this turn.
|raw|Aqua's rating: 2564 &rarr; <strong>2583</strong><br />(+19 for winning)
|raw|Delta 2777's rating: 2547 &rarr; <strong>2528</strong><br />(-19 for losing)
|c|☆Delta 2777|gg
|c|☆Aqua|gg
|l| Referrals
|l|☆Delta 2777
|player|p2|
|l|☆Aqua
|player|p1|
|l| 35Q71N
