|badge|p1|gold|gen9randombattle|3-1
|uhtml|medal-msg|<div class="broadcast-blue">Curious what those medals under the avatar are? PS now has Ladder Seasons! For more information, check out the <a href="https://www.smogon.com/forums/threads/3740067/">thread on Smogon.</a></div>
|badge|p2|gold|gen9randombattle|3-1
|uhtml|medal-msg|<div class="broadcast-blue">Curious what those medals under the avatar are? PS now has Ladder Seasons! For more information, check out the <a href="https://www.smogon.com/forums/threads/3740067/">thread on Smogon.</a></div>
|j|‽ye im very bad
|j|☆MichaelderBeste2
|t:|1716305363
|gametype|singles
|player|p1|ye im very bad|pokekidf-gen8|2614
|player|p2|MichaelderBeste2|#scl1platoon|2506
|teamsize|p1|6
|teamsize|p2|6
|gen|9
|tier|[Gen 9] Random Battle
|rated|
|rule|Species Clause: Limit one of each Pokémon
|rule|HP Percentage Mod: HP is shown in percentages
|rule|Sleep Clause Mod: Limit one foe put to sleep
|rule|Illusion Level Mod: Illusion disguises the Pokémon's true level
|
|t:|1716305363
|start
|switch|p1a: Mightyena|Mightyena, L95, F|287/287
|switch|p2a: Dipplin|Dipplin, L88, F|284/284
|-ability|p1a: Mightyena|Intimidate|boost
|-unboost|p2a: Dipplin|atk|1
|turn|1
|inactive|Battle timer is ON: inactive players will automatically lose when time's up. (requested by ye im very bad)
|inactive|ye im very bad has 120 seconds left.
|
|t:|1716305418
|switch|p1a: Corviknight|Corviknight, L80, F|288/288
|switch|p2a: Venomoth|Venomoth, L85, F|258/258
|
|upkeep
|turn|2
|
|t:|1716305425
|move|p2a: Venomoth|Sleep Powder|p1a: Corviknight|[miss]
|-miss|p2a: Venomoth|p1a: Corviknight
|move|p1a: Corviknight|Brave Bird|p2a: Venomoth
|-supereffective|p2a: Venomoth
|-damage|p2a: Venomoth|0 fnt
|faint|p2a: Venomoth
|-damage|p1a: Corviknight|203/288|[from] Recoil
|
|-heal|p1a: Corviknight|221/288|[from] item: Leftovers
|upkeep
|
|t:|1716305431
|switch|p2a: Gothitelle|Gothitelle, L90, M|272/272
|turn|3
|
|t:|1716305440
|move|p2a: Gothitelle|Thunderbolt|p1a: Corviknight
|-supereffective|p1a: Corviknight
|-damage|p1a: Corviknight|63/288
|move|p1a: Corviknight|Brave Bird|p2a: Gothitelle
|-damage|p2a: Gothitelle|167/272
|-damage|p1a: Corviknight|28/288|[from] Recoil
|
|-heal|p2a: Gothitelle|184/272|[from] item: Leftovers
|-heal|p1a: Corviknight|46/288|[from] item: Leftovers
|upkeep
|turn|4
|
|t:|1716305452
|move|p2a: Gothitelle|Thunderbolt|p1a: Corviknight
|-supereffective|p1a: Corviknight
|-damage|p1a: Corviknight|0 fnt
|faint|p1a: Corviknight
|
|-heal|p2a: Gothitelle|201/272|[from] item: Leftovers
|upkeep
|inactive|ye im very bad has 120 seconds left.
|
|t:|1716305498
|switch|p1a: Drifblim|Drifblim, L86, M|396/396
|turn|5
|
|t:|1716305506
|switch|p2a: Shiftry|Shiftry, L89, M|305/305
|move|p1a: Drifblim|Calm Mind|p1a: Drifblim
|-boost|p1a: Drifblim|spa|1
|-boost|p1a: Drifblim|spd|1
|
|upkeep
|turn|6
|inactive|ye im very bad has 120 seconds left.
|
|t:|1716305514
|-terastallize|p1a: Drifblim|Fairy
|move|p2a: Shiftry|Knock Off|p1a: Drifblim
|-resisted|p1a: Drifblim
|-damage|p1a: Drifblim|276/396
|-enditem|p1a: Drifblim|Sitrus Berry|[from] move: Knock Off|[of] p2a: Shiftry
|-damage|p2a: Shiftry|275/305|[from] item: Life Orb
|move|p1a: Drifblim|Air Slash|p2a: Shiftry
|-supereffective|p2a: Shiftry
|-damage|p2a: Shiftry|0 fnt
|faint|p2a: Shiftry
|
|upkeep
|
|t:|1716305535
|switch|p2a: Lanturn|Lanturn, L89, F|367/367
|turn|7
|
|t:|1716305539
|move|p1a: Drifblim|Shadow Ball|p2a: Lanturn
|-damage|p2a: Lanturn|232/367
|move|p2a: Lanturn|Scald|p1a: Drifblim
|-damage|p1a: Drifblim|200/396
|
|-heal|p2a: Lanturn|254/367|[from] item: Leftovers
|upkeep
|turn|8
|
|t:|1716305545
|move|p1a: Drifblim|Calm Mind|p1a: Drifblim
|-boost|p1a: Drifblim|spa|1
|-boost|p1a: Drifblim|spd|1
|move|p2a: Lanturn|Thunder Wave|p1a: Drifblim
|-status|p1a: Drifblim|par
|
|-heal|p2a: Lanturn|276/367|[from] item: Leftovers
|upkeep
|turn|9
|
|t:|1716305550
|move|p1a: Drifblim|Strength Sap|p2a: Lanturn
|-unboost|p2a: Lanturn|atk|1
|-heal|p1a: Drifblim|308/396 par
|move|p2a: Lanturn|Thunderbolt|p1a: Drifblim
|-damage|p1a: Drifblim|250/396 par
|
|-heal|p2a: Lanturn|298/367|[from] item: Leftovers
|upkeep
|turn|10
|
|t:|1716305553
|move|p1a: Drifblim|Shadow Ball|p2a: Lanturn
|-damage|p2a: Lanturn|126/367
|move|p2a: Lanturn|Thunderbolt|p1a: Drifblim
|-damage|p1a: Drifblim|190/396 par
|
|-heal|p2a: Lanturn|148/367|[from] item: Leftovers
|upkeep
|turn|11
|
|t:|1716305557
|cant|p1a: Drifblim|par
|move|p2a: Lanturn|Thunderbolt|p1a: Drifblim
|-damage|p1a: Drifblim|123/396 par
|
|-heal|p2a: Lanturn|170/367|[from] item: Leftovers
|upkeep
|turn|12
|
|t:|1716305559
|cant|p1a: Drifblim|par
|move|p2a: Lanturn|Thunderbolt|p1a: Drifblim
|-damage|p1a: Drifblim|57/396 par
|
|-heal|p2a: Lanturn|192/367|[from] item: Leftovers
|upkeep
|turn|13
|
|t:|1716305561
|move|p1a: Drifblim|Shadow Ball|p2a: Lanturn
|-damage|p2a: Lanturn|17/367
|move|p2a: Lanturn|Thunderbolt|p1a: Drifblim
|-damage|p1a: Drifblim|0 fnt
|faint|p1a: Drifblim
|
|-heal|p2a: Lanturn|39/367|[from] item: Leftovers
|upkeep
|
|t:|1716305571
|switch|p1a: Mightyena|Mightyena, L95, F|287/287
|-ability|p1a: Mightyena|Intimidate|boost
|-unboost|p2a: Lanturn|atk|1
|turn|14
|
|t:|1716305576
|move|p1a: Mightyena|Throat Chop|p2a: Lanturn
|-damage|p2a: Lanturn|0 fnt
|faint|p2a: Lanturn
|-damage|p1a: Mightyena|259/287|[from] item: Life Orb
|
|upkeep
|
|t:|1716305579
|switch|p2a: Dipplin|Dipplin, L88, F|284/284
|turn|15
|
|t:|1716305582
|-terastallize|p2a: Dipplin|Steel
|move|p1a: Mightyena|Poison Fang|p2a: Dipplin
|-immune|p2a: Dipplin
|move|p2a: Dipplin|Dragon Pulse|p1a: Mightyena
|-damage|p1a: Mightyena|153/287
|
|upkeep
|turn|16
|
|t:|1716305595
|switch|p1a: Medicham|Medicham, L86, F|243/243
|move|p2a: Dipplin|Giga Drain|p1a: Medicham
|-damage|p1a: Medicham|147/243
|
|upkeep
|turn|17
|
|t:|1716305598
|switch|p2a: Sableye|Sableye, L90, M|236/236
|move|p1a: Medicham|Close Combat|p2a: Sableye
|-immune|p2a: Sableye
|
|upkeep
|turn|18
|
|t:|1716305604
|switch|p1a: Carbink|Carbink, L90|236/236
|move|p2a: Sableye|Knock Off|p1a: Carbink
|-resisted|p1a: Carbink
|-damage|p1a: Carbink|205/236
|-enditem|p1a: Carbink|Leftovers|[from] move: Knock Off|[of] p2a: Sableye
|
|upkeep
|turn|19
|
|t:|1716305609
|switch|p1a: Mightyena|Mightyena, L95, F|153/287
|-ability|p1a: Mightyena|Intimidate|boost
|-unboost|p2a: Sableye|atk|1
|switch|p2a: Dipplin|Dipplin, L88, F, tera:Steel|284/284
|
|upkeep
|turn|20
|
|t:|1716305621
|move|p1a: Mightyena|Throat Chop|p2a: Dipplin
|-damage|p2a: Dipplin|216/284
|-start|p2a: Dipplin|Throat Chop|[silent]
|-damage|p1a: Mightyena|125/287|[from] item: Life Orb
|move|p2a: Dipplin|Giga Drain|p1a: Mightyena
|-damage|p1a: Mightyena|32/287
|-heal|p2a: Dipplin|263/284|[from] drain|[of] p1a: Mightyena
|
|upkeep
|turn|21
|
|t:|1716305625
|move|p1a: Mightyena|Throat Chop|p2a: Dipplin
|-damage|p2a: Dipplin|188/284
|-damage|p1a: Mightyena|4/287|[from] item: Life Orb
|move|p2a: Dipplin|Giga Drain|p1a: Mightyena
|-damage|p1a: Mightyena|0 fnt
|-heal|p2a: Dipplin|190/284|[from] drain|[of] p1a: Mightyena
|faint|p1a: Mightyena
|
|-end|p2a: Dipplin|Throat Chop|[silent]
|upkeep
|
|t:|1716305627
|switch|p1a: Medicham|Medicham, L86, F|147/243
|turn|22
|
|t:|1716305631
|switch|p1a: Carbink|Carbink, L90|205/236
|switch|p2a: Sableye|Sableye, L90, M|236/236
|
|upkeep
|turn|23
|
|t:|1716305637
|switch|p2a: Gothitelle|Gothitelle, L90, M|201/272
|move|p1a: Carbink|Iron Defense|p1a: Carbink
|-boost|p1a: Carbink|def|2
|
|-heal|p2a: Gothitelle|218/272|[from] item: Leftovers
|upkeep
|turn|24
|
|t:|1716305640
|move|p2a: Gothitelle|Calm Mind|p2a: Gothitelle
|-boost|p2a: Gothitelle|spa|1
|-boost|p2a: Gothitelle|spd|1
|move|p1a: Carbink|Rock Polish|p1a: Carbink
|-boost|p1a: Carbink|spe|2
|
|-heal|p2a: Gothitelle|235/272|[from] item: Leftovers
|upkeep
|turn|25
|
|t:|1716305643
|move|p1a: Carbink|Body Press|p2a: Gothitelle
|-resisted|p2a: Gothitelle
|-damage|p2a: Gothitelle|158/272
|move|p2a: Gothitelle|Psychic Noise|p1a: Carbink
|-damage|p1a: Carbink|117/236
|-start|p1a: Carbink|move: Heal Block
|
|-heal|p2a: Gothitelle|175/272|[from] item: Leftovers
|upkeep
|turn|26
|
|t:|1716305647
|move|p1a: Carbink|Body Press|p2a: Gothitelle
|-resisted|p2a: Gothitelle
|-damage|p2a: Gothitelle|99/272
|move|p2a: Gothitelle|Psychic Noise|p1a: Carbink
|-damage|p1a: Carbink|36/236
|
|-heal|p2a: Gothitelle|116/272|[from] item: Leftovers
|-end|p1a: Carbink|move: Heal Block
|upkeep
|turn|27
|
|t:|1716305650
|move|p1a: Carbink|Body Press|p2a: Gothitelle
|-resisted|p2a: Gothitelle
|-damage|p2a: Gothitelle|30/272
|move|p2a: Gothitelle|Psychic Noise|p1a: Carbink
|-damage|p1a: Carbink|0 fnt
|faint|p1a: Carbink
|
|-heal|p2a: Gothitelle|47/272|[from] item: Leftovers
|upkeep
|
|t:|1716305659
|switch|p1a: Zacian|Zacian-Crowned, L64|225/225
|-ability|p1a: Zacian|Intrepid Sword|boost
|-boost|p1a: Zacian|atk|1
|turn|28
|
|t:|1716305663
|move|p1a: Zacian|Behemoth Blade|p2a: Gothitelle
|-damage|p2a: Gothitelle|0 fnt
|faint|p2a: Gothitelle
|
|upkeep
|
|t:|1716305666
|switch|p2a: Sableye|Sableye, L90, M|236/236
|turn|29
|
|t:|1716305668
|move|p2a: Sableye|Will-O-Wisp|p1a: Zacian
|-status|p1a: Zacian|brn
|move|p1a: Zacian|Play Rough|p2a: Sableye
|-supereffective|p2a: Sableye
|-damage|p2a: Sableye|110/236
|
|-heal|p2a: Sableye|124/236|[from] item: Leftovers
|-damage|p1a: Zacian|211/225 brn|[from] brn
|upkeep
|turn|30
|
|t:|1716305673
|move|p2a: Sableye|Taunt|p1a: Zacian
|-start|p1a: Zacian|move: Taunt
|cant|p1a: Zacian|move: Taunt|Swords Dance
|
|-heal|p2a: Sableye|138/236|[from] item: Leftovers
|-damage|p1a: Zacian|197/225 brn|[from] brn
|upkeep
|turn|31
|
|t:|1716305679
|switch|p2a: Dipplin|Dipplin, L88, F, tera:Steel|190/284
|move|p1a: Zacian|Play Rough|p2a: Dipplin
|-resisted|p2a: Dipplin
|-damage|p2a: Dipplin|174/284
|
|-damage|p1a: Zacian|183/225 brn|[from] brn
|upkeep
|turn|32
|
|t:|1716305682
|switch|p1a: Medicham|Medicham, L86, F|147/243
|move|p2a: Dipplin|Giga Drain|p1a: Medicham
|-damage|p1a: Medicham|51/243
|-heal|p2a: Dipplin|222/284|[from] drain|[of] p1a: Medicham
|
|upkeep
|turn|33
|
|t:|1716305686
|switch|p2a: Sableye|Sableye, L90, M|138/236
|move|p1a: Medicham|Ice Punch|p2a: Sableye
|-damage|p2a: Sableye|14/236
|
|-heal|p2a: Sableye|28/236|[from] item: Leftovers
|upkeep
|turn|34
|
|t:|1716305693
|move|p2a: Sableye|Will-O-Wisp|p1a: Medicham
|-status|p1a: Medicham|brn
|move|p1a: Medicham|Ice Punch|p2a: Sableye
|-damage|p2a: Sableye|0 fnt
|faint|p2a: Sableye
|
|-damage|p1a: Medicham|36/243 brn|[from] brn
|upkeep
|
|t:|1716305695
|switch|p2a: Dipplin|Dipplin, L88, F, tera:Steel|222/284
|turn|35
|
|t:|1716305699
|move|p1a: Medicham|Ice Punch|p2a: Dipplin
|-resisted|p2a: Dipplin
|-damage|p2a: Dipplin|206/284
|move|p2a: Dipplin|Giga Drain|p1a: Medicham
|-damage|p1a: Medicham|0 fnt
|-heal|p2a: Dipplin|224/284|[from] drain|[of] p1a: Medicham
|faint|p1a: Medicham
|
|upkeep
|
|t:|1716305703
|switch|p1a: Zacian|Zacian-Crowned, L64|183/225 brn
|turn|36
|
|t:|1716305705
|move|p1a: Zacian|Swords Dance|p1a: Zacian
|-boost|p1a: Zacian|atk|2
|move|p2a: Dipplin|Giga Drain|p1a: Zacian
|-resisted|p1a: Zacian
|-damage|p1a: Zacian|137/225 brn
|-heal|p2a: Dipplin|247/284|[from] drain|[of] p1a: Zacian
|
|-damage|p1a: Zacian|123/225 brn|[from] brn
|upkeep
|turn|37
|
|t:|1716305709
|move|p1a: Zacian|Swords Dance|p1a: Zacian
|-boost|p1a: Zacian|atk|2
|move|p2a: Dipplin|Giga Drain|p1a: Zacian
|-resisted|p1a: Zacian
|-damage|p1a: Zacian|75/225 brn
|-heal|p2a: Dipplin|271/284|[from] drain|[of] p1a: Zacian
|
|-damage|p1a: Zacian|61/225 brn|[from] brn
|upkeep
|turn|38
|
|t:|1716305714
|move|p1a: Zacian|Behemoth Blade|p2a: Dipplin
|-resisted|p2a: Dipplin
|-damage|p2a: Dipplin|235/284
|move|p2a: Dipplin|Giga Drain|p1a: Zacian
|-resisted|p1a: Zacian
|-damage|p1a: Zacian|19/225 brn
|-heal|p2a: Dipplin|256/284|[from] drain|[of] p1a: Zacian
|
|-damage|p1a: Zacian|5/225 brn|[from] brn
|upkeep
|turn|39
|
|t:|1716305717
|move|p2a: Dipplin|Sucker Punch|p1a: Zacian
|-resisted|p1a: Zacian
|-damage|p1a: Zacian|0 fnt
|faint|p1a: Zacian
|
|win|MichaelderBeste2
|raw|ye im very bad's rating: 2614 &rarr; <strong>2588</strong><br />(-26 for losing)
|raw|MichaelderBeste2's rating: 2506 &rarr; <strong>2532</strong><br />(+26 for winning)
|l|‽ye im very bad
|player|p1|
