|badge|p1|silver|gen9randombattle|30-2
|uhtml|medal-msg|<div class="broadcast-blue">Curious what those medals under the avatar are? PS now has Ladder Seasons! For more information, check out the <a href="https://www.smogon.com/forums/threads/3740067/">thread on Smogon.</a></div>
|badge|p2|silver|gen9randombattle|30-2
|uhtml|medal-msg|<div class="broadcast-blue">Curious what those medals under the avatar are? PS now has Ladder Seasons! For more information, check out the <a href="https://www.smogon.com/forums/threads/3740067/">thread on Smogon.</a></div>
|j|☆ezws
|j|‽kandkad
|t:|1722978425
|gametype|singles
|player|p1|ezws|lucas|2498
|player|p2|kandkad|clemont|2455
|teamsize|p1|6
|teamsize|p2|6
|gen|9
|tier|[Gen 9] Random Battle
|rated|
|rule|Species Clause: Limit one of each Pokémon
|rule|HP Percentage Mod: HP is shown in percentages
|rule|Sleep Clause Mod: Limit one foe put to sleep
|rule|Illusion Level Mod: Illusion disguises the Pokémon's true level
|
|t:|1722978425
|start
|switch|p1a: Toedscruel|Toedscruel, L87, M|281/281
|switch|p2a: Medicham|Medicham, L86, F|243/243
|turn|1
|inactive|Battle timer is ON: inactive players will automatically lose when time's up. (requested by kandkad)
|inactive|ezws has 120 seconds left.
|inactive|ezws has 90 seconds left.
|
|t:|1722978487
|move|p1a: Toedscruel|Knock Off|p2a: Medicham
|-damage|p2a: Medicham|175/243
|-enditem|p2a: Medicham|Choice Band|[from] move: Knock Off|[of] p1a: Toedscruel
|move|p2a: Medicham|Close Combat|p1a: Toedscruel
|-damage|p1a: Toedscruel|67/281
|-unboost|p2a: Medicham|def|1
|-unboost|p2a: Medicham|spd|1
|
|upkeep
|turn|2
|inactive|ezws has 120 seconds left.
|inactive|kandkad has 120 seconds left.
|
|t:|1722978527
|switch|p2a: Whimsicott|Whimsicott, L85, M|241/241
|move|p1a: Toedscruel|Earth Power|p2a: Whimsicott
|-resisted|p2a: Whimsicott
|-damage|p2a: Whimsicott|192/241
|
|-heal|p2a: Whimsicott|207/241|[from] item: Leftovers
|upkeep
|turn|3
|inactive|ezws has 120 seconds left.
|
|t:|1722978548
|move|p2a: Whimsicott|Substitute|p2a: Whimsicott
|-start|p2a: Whimsicott|Substitute
|-damage|p2a: Whimsicott|147/241
|move|p1a: Toedscruel|Knock Off|p2a: Whimsicott
|-resisted|p2a: Whimsicott
|-activate|p2a: Whimsicott|move: Substitute|[damage]
|
|-heal|p2a: Whimsicott|162/241|[from] item: Leftovers
|upkeep
|turn|4
|inactive|kandkad has 120 seconds left.
|
|t:|1722978572
|move|p2a: Whimsicott|Hurricane|p1a: Toedscruel|[miss]
|-miss|p2a: Whimsicott|p1a: Toedscruel
|move|p1a: Toedscruel|Rapid Spin|p2a: Whimsicott
|-crit|p2a: Whimsicott
|-end|p2a: Whimsicott|Substitute
|-boost|p1a: Toedscruel|spe|1
|
|-heal|p2a: Whimsicott|177/241|[from] item: Leftovers
|upkeep
|turn|5
|
|t:|1722978575
|move|p2a: Whimsicott|Substitute|p2a: Whimsicott
|-start|p2a: Whimsicott|Substitute
|-damage|p2a: Whimsicott|117/241
|move|p1a: Toedscruel|Knock Off|p2a: Whimsicott
|-resisted|p2a: Whimsicott
|-activate|p2a: Whimsicott|move: Substitute|[damage]
|
|-heal|p2a: Whimsicott|132/241|[from] item: Leftovers
|upkeep
|turn|6
|
|t:|1722978580
|move|p1a: Toedscruel|Giga Drain|p2a: Whimsicott
|-resisted|p2a: Whimsicott
|-end|p2a: Whimsicott|Substitute
|-heal|p1a: Toedscruel|83/281|[from] drain|[of] p2a: Whimsicott
|move|p2a: Whimsicott|Hurricane|p1a: Toedscruel
|-supereffective|p1a: Toedscruel
|-damage|p1a: Toedscruel|15/281
|
|-heal|p2a: Whimsicott|147/241|[from] item: Leftovers
|upkeep
|turn|7
|
|t:|1722978600
|switch|p1a: Scyther|Scyther, L82, F|249/249
|move|p2a: Whimsicott|Substitute|p2a: Whimsicott
|-start|p2a: Whimsicott|Substitute
|-damage|p2a: Whimsicott|87/241
|
|-heal|p2a: Whimsicott|102/241|[from] item: Leftovers
|upkeep
|turn|8
|
|t:|1722978608
|switch|p2a: Cobalion|Cobalion, L80|277/277
|move|p1a: Scyther|Dual Wingbeat|p2a: Cobalion|[miss]
|-miss|p1a: Scyther|p2a: Cobalion
|
|upkeep
|turn|9
|inactive|ezws has 120 seconds left.
|
|t:|1722978654
|switch|p1a: Toedscruel|Toedscruel, L87, M|15/281
|move|p2a: Cobalion|Calm Mind|p2a: Cobalion
|-boost|p2a: Cobalion|spa|1
|-boost|p2a: Cobalion|spd|1
|
|upkeep
|turn|10
|
|t:|1722978682
|move|p2a: Cobalion|Vacuum Wave|p1a: Toedscruel
|-damage|p1a: Toedscruel|0 fnt
|faint|p1a: Toedscruel
|
|upkeep
|
|t:|1722978689
|switch|p1a: Volcanion|Volcanion, L79|255/255
|turn|11
|inactive|kandkad has 120 seconds left.
|
|t:|1722978710
|switch|p2a: Whiscash|Whiscash, L88, M|337/337
|move|p1a: Volcanion|Flame Charge|p2a: Whiscash
|-resisted|p2a: Whiscash
|-damage|p2a: Whiscash|309/337
|-boost|p1a: Volcanion|spe|1
|
|-heal|p2a: Whiscash|330/337|[from] item: Leftovers
|upkeep
|turn|12
|
|t:|1722978733
|move|p1a: Volcanion|Steam Eruption|p2a: Whiscash
|-damage|p2a: Whiscash|177/337
|move|p2a: Whiscash|Stealth Rock|p1a: Volcanion
|-sidestart|p1: ezws|move: Stealth Rock
|
|-heal|p2a: Whiscash|198/337|[from] item: Leftovers
|upkeep
|turn|13
|
|t:|1722978738
|move|p1a: Volcanion|Steam Eruption|p2a: Whiscash
|-damage|p2a: Whiscash|57/337
|move|p2a: Whiscash|Earthquake|p1a: Volcanion
|-supereffective|p1a: Volcanion
|-damage|p1a: Volcanion|81/255
|
|-heal|p2a: Whiscash|78/337|[from] item: Leftovers
|upkeep
|turn|14
|
|t:|1722978742
|move|p1a: Volcanion|Steam Eruption|p2a: Whiscash
|-damage|p2a: Whiscash|0 fnt
|faint|p2a: Whiscash
|
|upkeep
|
|t:|1722978747
|switch|p2a: Medicham|Medicham, L86, F|175/243
|turn|15
|inactive|ezws has 120 seconds left.
|
|t:|1722978770
|move|p1a: Volcanion|Steam Eruption|p2a: Medicham
|-damage|p2a: Medicham|22/243
|-status|p2a: Medicham|brn
|move|p2a: Medicham|Zen Headbutt|p1a: Volcanion
|-damage|p1a: Volcanion|27/255
|
|-damage|p2a: Medicham|7/243 brn|[from] brn
|upkeep
|turn|16
|
|t:|1722978777
|move|p1a: Volcanion|Flame Charge|p2a: Medicham
|-damage|p2a: Medicham|0 fnt
|-boost|p1a: Volcanion|spe|1
|faint|p2a: Medicham
|
|upkeep
|
|t:|1722978783
|switch|p2a: Hatterene|Hatterene, L85, F|236/236
|turn|17
|inactive|ezws has 120 seconds left.
|
|t:|1722978798
|move|p1a: Volcanion|Steam Eruption|p2a: Hatterene
|-damage|p2a: Hatterene|113/236
|move|p2a: Hatterene|Calm Mind|p2a: Hatterene
|-boost|p2a: Hatterene|spa|1
|-boost|p2a: Hatterene|spd|1
|
|-heal|p2a: Hatterene|127/236|[from] item: Leftovers
|upkeep
|turn|18
|
|t:|1722978802
|move|p1a: Volcanion|Steam Eruption|p2a: Hatterene
|-damage|p2a: Hatterene|52/236
|move|p2a: Hatterene|Draining Kiss|p1a: Volcanion
|-resisted|p1a: Volcanion
|-damage|p1a: Volcanion|0 fnt
|-heal|p2a: Hatterene|72/236|[from] drain|[of] p1a: Volcanion
|faint|p1a: Volcanion
|
|-heal|p2a: Hatterene|86/236|[from] item: Leftovers
|upkeep
|inactive|ezws has 120 seconds left.
|
|t:|1722978826
|switch|p1a: Ting-Lu|Ting-Lu, L78|370/370
|-damage|p1a: Ting-Lu|347/370|[from] Stealth Rock
|-ability|p1a: Ting-Lu|Vessel of Ruin
|turn|19
|inactive|ezws has 120 seconds left.
|
|t:|1722978834
|move|p1a: Ting-Lu|Earthquake|p2a: Hatterene
|-damage|p2a: Hatterene|0 fnt
|faint|p2a: Hatterene
|
|-heal|p1a: Ting-Lu|370/370|[from] item: Leftovers
|upkeep
|
|t:|1722978840
|switch|p2a: Scyther|Scyther, L82, F|249/249
|turn|20
|
|t:|1722978850
|move|p2a: Scyther|Swords Dance|p2a: Scyther
|-boost|p2a: Scyther|atk|2
|move|p1a: Ting-Lu|Throat Chop|p2a: Scyther
|-crit|p2a: Scyther
|-damage|p2a: Scyther|101/249
|-start|p2a: Scyther|Throat Chop|[silent]
|
|upkeep
|turn|21
|
|t:|1722978855
|switch|p1a: Magmortar|Magmortar, L88, M|275/275
|move|p2a: Scyther|Bug Bite|p1a: Magmortar
|-resisted|p1a: Magmortar
|-damage|p1a: Magmortar|154/275
|
|-end|p2a: Scyther|Throat Chop|[silent]
|upkeep
|turn|22
|
|t:|1722978862
|move|p2a: Scyther|Dual Wingbeat|p1a: Magmortar
|-damage|p1a: Magmortar|4/275
|-status|p2a: Scyther|brn|[from] ability: Flame Body|[of] p1a: Magmortar
|-damage|p1a: Magmortar|0 fnt
|faint|p1a: Magmortar
|-hitcount|p1: Magmortar|2
|
|-damage|p2a: Scyther|86/249 brn|[from] brn
|upkeep
|inactive|ezws has 120 seconds left.
|inactive|ezws has 90 seconds left.
|
|t:|1722978940
|switch|p1a: Scyther|Scyther, L82, F|249/249
|turn|23
|
|t:|1722978955
|move|p1a: Scyther|Dual Wingbeat|p2a: Scyther
|-supereffective|p2a: Scyther
|-damage|p2a: Scyther|0 fnt
|faint|p2a: Scyther
|-hitcount|p2: Scyther|1
|
|upkeep
|
|t:|1722978966
|switch|p2a: Cobalion|Cobalion, L80|277/277
|turn|24
|inactive|ezws has 90 seconds left.
|
|t:|1722978973
|move|p2a: Cobalion|Calm Mind|p2a: Cobalion
|-boost|p2a: Cobalion|spa|1
|-boost|p2a: Cobalion|spd|1
|move|p1a: Scyther|Swords Dance|p1a: Scyther
|-boost|p1a: Scyther|atk|2
|
|upkeep
|turn|25
|inactive|ezws has 90 seconds left.
|j| fiesta899
|inactive|ezws has 60 seconds left.
|
|t:|1722979032
|-terastallize|p2a: Cobalion|Water
|move|p1a: Scyther|Dual Wingbeat|p2a: Cobalion
|-damage|p2a: Cobalion|171/277
|-damage|p2a: Cobalion|74/277
|-hitcount|p2a: Cobalion|2
|move|p2a: Cobalion|Flash Cannon|p1a: Scyther
|-damage|p1a: Scyther|116/249
|
|-heal|p2a: Cobalion|91/277|[from] item: Leftovers
|upkeep
|turn|26
|
|t:|1722979042
|move|p2a: Cobalion|Flash Cannon|p1a: Scyther
|-damage|p1a: Scyther|4/249
|move|p1a: Scyther|Bug Bite|p2a: Cobalion
|-damage|p2a: Cobalion|0 fnt
|faint|p2a: Cobalion
|
|upkeep
|
|t:|1722979044
|switch|p2a: Whimsicott|Whimsicott, L85, M|102/241
|turn|27
|
|t:|1722979047
|move|p2a: Whimsicott|Moonblast|p1a: Scyther
|-damage|p1a: Scyther|0 fnt
|faint|p1a: Scyther
|
|-heal|p2a: Whimsicott|117/241|[from] item: Leftovers
|upkeep
|
|t:|1722979050
|switch|p1a: Dudunsparce|Dudunsparce-Three-Segment, L82, F|339/339
|-damage|p1a: Dudunsparce|297/339|[from] Stealth Rock
|turn|28
|
|t:|1722979056
|move|p2a: Whimsicott|Leech Seed|p1a: Dudunsparce
|-start|p1a: Dudunsparce|move: Leech Seed
|move|p1a: Dudunsparce|Headbutt|p2a: Whimsicott
|-damage|p2a: Whimsicott|36/241
|
|-heal|p2a: Whimsicott|51/241|[from] item: Leftovers
|-heal|p1a: Dudunsparce|318/339|[from] item: Leftovers
|-damage|p1a: Dudunsparce|276/339|[from] Leech Seed|[of] p2a: Whimsicott
|-heal|p2a: Whimsicott|93/241|[silent]
|upkeep
|turn|29
|
|t:|1722979058
|move|p2a: Whimsicott|Substitute|p2a: Whimsicott
|-start|p2a: Whimsicott|Substitute
|-damage|p2a: Whimsicott|33/241
|move|p1a: Dudunsparce|Headbutt|p2a: Whimsicott
|-end|p2a: Whimsicott|Substitute
|
|-heal|p2a: Whimsicott|48/241|[from] item: Leftovers
|-heal|p1a: Dudunsparce|297/339|[from] item: Leftovers
|-damage|p1a: Dudunsparce|255/339|[from] Leech Seed|[of] p2a: Whimsicott
|-heal|p2a: Whimsicott|90/241|[silent]
|upkeep
|turn|30
|
|t:|1722979061
|move|p2a: Whimsicott|Substitute|p2a: Whimsicott
|-start|p2a: Whimsicott|Substitute
|-damage|p2a: Whimsicott|30/241
|move|p1a: Dudunsparce|Headbutt|p2a: Whimsicott
|-end|p2a: Whimsicott|Substitute
|
|-heal|p2a: Whimsicott|45/241|[from] item: Leftovers
|-heal|p1a: Dudunsparce|276/339|[from] item: Leftovers
|-damage|p1a: Dudunsparce|234/339|[from] Leech Seed|[of] p2a: Whimsicott
|-heal|p2a: Whimsicott|87/241|[silent]
|upkeep
|turn|31
|
|t:|1722979066
|move|p2a: Whimsicott|Substitute|p2a: Whimsicott
|-start|p2a: Whimsicott|Substitute
|-damage|p2a: Whimsicott|27/241
|move|p1a: Dudunsparce|Headbutt|p2a: Whimsicott
|-end|p2a: Whimsicott|Substitute
|
|-heal|p2a: Whimsicott|42/241|[from] item: Leftovers
|-heal|p1a: Dudunsparce|255/339|[from] item: Leftovers
|-damage|p1a: Dudunsparce|213/339|[from] Leech Seed|[of] p2a: Whimsicott
|-heal|p2a: Whimsicott|84/241|[silent]
|upkeep
|turn|32
|
|t:|1722979073
|switch|p1a: Ting-Lu|Ting-Lu, L78|370/370
|-damage|p1a: Ting-Lu|347/370|[from] Stealth Rock
|-ability|p1a: Ting-Lu|Vessel of Ruin
|move|p2a: Whimsicott|Substitute|p2a: Whimsicott
|-start|p2a: Whimsicott|Substitute
|-damage|p2a: Whimsicott|24/241
|
|-heal|p2a: Whimsicott|39/241|[from] item: Leftovers
|-heal|p1a: Ting-Lu|370/370|[from] item: Leftovers
|upkeep
|turn|33
|
|t:|1722979076
|-terastallize|p1a: Ting-Lu|Poison
|move|p2a: Whimsicott|Leech Seed|p1a: Ting-Lu
|-start|p1a: Ting-Lu|move: Leech Seed
|move|p1a: Ting-Lu|Earthquake|p2a: Whimsicott
|-resisted|p2a: Whimsicott
|-activate|p2a: Whimsicott|move: Substitute|[damage]
|
|-heal|p2a: Whimsicott|54/241|[from] item: Leftovers
|-damage|p1a: Ting-Lu|324/370|[from] Leech Seed|[of] p2a: Whimsicott
|-heal|p2a: Whimsicott|100/241|[silent]
|upkeep
|turn|34
|
|t:|1722979081
|move|p2a: Whimsicott|Hurricane|p1a: Ting-Lu
|-damage|p1a: Ting-Lu|265/370
|move|p1a: Ting-Lu|Earthquake|p2a: Whimsicott
|-resisted|p2a: Whimsicott
|-end|p2a: Whimsicott|Substitute
|
|-heal|p2a: Whimsicott|115/241|[from] item: Leftovers
|-heal|p1a: Ting-Lu|288/370|[from] item: Leftovers
|-damage|p1a: Ting-Lu|242/370|[from] Leech Seed|[of] p2a: Whimsicott
|-heal|p2a: Whimsicott|161/241|[silent]
|upkeep
|turn|35
|
|t:|1722979084
|switch|p1a: Dudunsparce|Dudunsparce-Three-Segment, L82, F|213/339
|-damage|p1a: Dudunsparce|171/339|[from] Stealth Rock
|move|p2a: Whimsicott|Substitute|p2a: Whimsicott
|-start|p2a: Whimsicott|Substitute
|-damage|p2a: Whimsicott|101/241
|
|-heal|p2a: Whimsicott|116/241|[from] item: Leftovers
|-heal|p1a: Dudunsparce|192/339|[from] item: Leftovers
|upkeep
|turn|36
|
|t:|1722979087
|move|p2a: Whimsicott|Leech Seed|p1a: Dudunsparce
|-start|p1a: Dudunsparce|move: Leech Seed
|move|p1a: Dudunsparce|Roost|p1a: Dudunsparce
|-heal|p1a: Dudunsparce|339/339
|-singleturn|p1a: Dudunsparce|move: Roost
|
|-heal|p2a: Whimsicott|131/241|[from] item: Leftovers
|-damage|p1a: Dudunsparce|297/339|[from] Leech Seed|[of] p2a: Whimsicott
|-heal|p2a: Whimsicott|173/241|[silent]
|upkeep
|turn|37
|
|t:|1722979096
|switch|p1a: Ting-Lu|Ting-Lu, L78, tera:Poison|242/370
|-damage|p1a: Ting-Lu|196/370|[from] Stealth Rock
|-ability|p1a: Ting-Lu|Vessel of Ruin
|move|p2a: Whimsicott|Moonblast|p1a: Ting-Lu
|-resisted|p1a: Ting-Lu
|-damage|p1a: Ting-Lu|160/370
|
|-heal|p2a: Whimsicott|188/241|[from] item: Leftovers
|-heal|p1a: Ting-Lu|183/370|[from] item: Leftovers
|upkeep
|turn|38
|
|t:|1722979100
|move|p2a: Whimsicott|Leech Seed|p1a: Ting-Lu
|-start|p1a: Ting-Lu|move: Leech Seed
|move|p1a: Ting-Lu|Earthquake|p2a: Whimsicott
|-resisted|p2a: Whimsicott
|-activate|p2a: Whimsicott|move: Substitute|[damage]
|
|-heal|p2a: Whimsicott|203/241|[from] item: Leftovers
|-heal|p1a: Ting-Lu|206/370|[from] item: Leftovers
|-damage|p1a: Ting-Lu|160/370|[from] Leech Seed|[of] p2a: Whimsicott
|-heal|p2a: Whimsicott|241/241|[silent]
|upkeep
|turn|39
|
|t:|1722979105
|switch|p1a: Dudunsparce|Dudunsparce-Three-Segment, L82, F|297/339
|-damage|p1a: Dudunsparce|255/339|[from] Stealth Rock
|move|p2a: Whimsicott|Moonblast|p1a: Dudunsparce
|-damage|p1a: Dudunsparce|153/339
|
|-heal|p1a: Dudunsparce|174/339|[from] item: Leftovers
|upkeep
|turn|40
|
|t:|1722979108
|move|p2a: Whimsicott|Leech Seed|p1a: Dudunsparce
|-start|p1a: Dudunsparce|move: Leech Seed
|move|p1a: Dudunsparce|Roost|p1a: Dudunsparce
|-heal|p1a: Dudunsparce|339/339
|-singleturn|p1a: Dudunsparce|move: Roost
|
|-damage|p1a: Dudunsparce|297/339|[from] Leech Seed|[of] p2a: Whimsicott
|upkeep
|turn|41
|
|t:|1722979111
|move|p2a: Whimsicott|Moonblast|p1a: Dudunsparce
|-damage|p1a: Dudunsparce|189/339
|move|p1a: Dudunsparce|Earthquake|p2a: Whimsicott
|-resisted|p2a: Whimsicott
|-end|p2a: Whimsicott|Substitute
|
|-heal|p1a: Dudunsparce|210/339|[from] item: Leftovers
|-damage|p1a: Dudunsparce|168/339|[from] Leech Seed|[of] p2a: Whimsicott
|upkeep
|turn|42
|
|t:|1722979114
|move|p2a: Whimsicott|Substitute|p2a: Whimsicott
|-start|p2a: Whimsicott|Substitute
|-damage|p2a: Whimsicott|181/241
|move|p1a: Dudunsparce|Roost|p1a: Dudunsparce
|-heal|p1a: Dudunsparce|338/339
|-singleturn|p1a: Dudunsparce|move: Roost
|
|-heal|p2a: Whimsicott|196/241|[from] item: Leftovers
|-heal|p1a: Dudunsparce|339/339|[from] item: Leftovers
|-damage|p1a: Dudunsparce|297/339|[from] Leech Seed|[of] p2a: Whimsicott
|-heal|p2a: Whimsicott|238/241|[silent]
|upkeep
|turn|43
|
|t:|1722979121
|switch|p1a: Ting-Lu|Ting-Lu, L78, tera:Poison|160/370
|-damage|p1a: Ting-Lu|114/370|[from] Stealth Rock
|-ability|p1a: Ting-Lu|Vessel of Ruin
|move|p2a: Whimsicott|Moonblast|p1a: Ting-Lu
|-resisted|p1a: Ting-Lu
|-crit|p1a: Ting-Lu
|-damage|p1a: Ting-Lu|51/370
|
|-heal|p2a: Whimsicott|241/241|[from] item: Leftovers
|-heal|p1a: Ting-Lu|74/370|[from] item: Leftovers
|upkeep
|turn|44
|
|t:|1722979128
|switch|p1a: Dudunsparce|Dudunsparce-Three-Segment, L82, F|297/339
|-damage|p1a: Dudunsparce|255/339|[from] Stealth Rock
|move|p2a: Whimsicott|Leech Seed|p1a: Dudunsparce
|-start|p1a: Dudunsparce|move: Leech Seed
|
|-heal|p1a: Dudunsparce|276/339|[from] item: Leftovers
|-damage|p1a: Dudunsparce|234/339|[from] Leech Seed|[of] p2a: Whimsicott
|upkeep
|turn|45
|
|t:|1722979132
|move|p2a: Whimsicott|Moonblast|p1a: Dudunsparce
|-damage|p1a: Dudunsparce|129/339
|-unboost|p1a: Dudunsparce|spa|1
|move|p1a: Dudunsparce|Roost|p1a: Dudunsparce
|-heal|p1a: Dudunsparce|299/339
|-singleturn|p1a: Dudunsparce|move: Roost
|
|-heal|p1a: Dudunsparce|320/339|[from] item: Leftovers
|-damage|p1a: Dudunsparce|278/339|[from] Leech Seed|[of] p2a: Whimsicott
|upkeep
|turn|46
|
|t:|1722979135
|switch|p1a: Ting-Lu|Ting-Lu, L78, tera:Poison|74/370
|-damage|p1a: Ting-Lu|28/370|[from] Stealth Rock
|-ability|p1a: Ting-Lu|Vessel of Ruin
|move|p2a: Whimsicott|Moonblast|p1a: Ting-Lu
|-resisted|p1a: Ting-Lu
|-damage|p1a: Ting-Lu|0 fnt
|faint|p1a: Ting-Lu
|
|upkeep
|
|t:|1722979138
|switch|p1a: Dudunsparce|Dudunsparce-Three-Segment, L82, F|278/339
|-damage|p1a: Dudunsparce|236/339|[from] Stealth Rock
|turn|47
|
|t:|1722979140
|move|p2a: Whimsicott|Leech Seed|p1a: Dudunsparce
|-start|p1a: Dudunsparce|move: Leech Seed
|move|p1a: Dudunsparce|Headbutt|p2a: Whimsicott
|-end|p2a: Whimsicott|Substitute
|
|-heal|p1a: Dudunsparce|257/339|[from] item: Leftovers
|-damage|p1a: Dudunsparce|215/339|[from] Leech Seed|[of] p2a: Whimsicott
|upkeep
|turn|48
|
|t:|1722979145
|move|p2a: Whimsicott|Substitute|p2a: Whimsicott
|-start|p2a: Whimsicott|Substitute
|-damage|p2a: Whimsicott|181/241
|move|p1a: Dudunsparce|Headbutt|p2a: Whimsicott
|-end|p2a: Whimsicott|Substitute
|
|-heal|p2a: Whimsicott|196/241|[from] item: Leftovers
|-heal|p1a: Dudunsparce|236/339|[from] item: Leftovers
|-damage|p1a: Dudunsparce|194/339|[from] Leech Seed|[of] p2a: Whimsicott
|-heal|p2a: Whimsicott|238/241|[silent]
|upkeep
|turn|49
|
|t:|1722979147
|move|p2a: Whimsicott|Substitute|p2a: Whimsicott
|-start|p2a: Whimsicott|Substitute
|-damage|p2a: Whimsicott|178/241
|move|p1a: Dudunsparce|Headbutt|p2a: Whimsicott
|-end|p2a: Whimsicott|Substitute
|
|-heal|p2a: Whimsicott|193/241|[from] item: Leftovers
|-heal|p1a: Dudunsparce|215/339|[from] item: Leftovers
|-damage|p1a: Dudunsparce|173/339|[from] Leech Seed|[of] p2a: Whimsicott
|-heal|p2a: Whimsicott|235/241|[silent]
|upkeep
|turn|50
|
|t:|1722979149
|move|p2a: Whimsicott|Substitute|p2a: Whimsicott
|-start|p2a: Whimsicott|Substitute
|-damage|p2a: Whimsicott|175/241
|move|p1a: Dudunsparce|Roost|p1a: Dudunsparce
|-heal|p1a: Dudunsparce|339/339
|-singleturn|p1a: Dudunsparce|move: Roost
|
|-heal|p2a: Whimsicott|190/241|[from] item: Leftovers
|-damage|p1a: Dudunsparce|297/339|[from] Leech Seed|[of] p2a: Whimsicott
|-heal|p2a: Whimsicott|232/241|[silent]
|upkeep
|turn|51
|
|t:|1722979151
|move|p2a: Whimsicott|Moonblast|p1a: Dudunsparce
|-damage|p1a: Dudunsparce|198/339
|-unboost|p1a: Dudunsparce|spa|1
|move|p1a: Dudunsparce|Headbutt|p2a: Whimsicott
|-end|p2a: Whimsicott|Substitute
|
|-heal|p2a: Whimsicott|241/241|[from] item: Leftovers
|-heal|p1a: Dudunsparce|219/339|[from] item: Leftovers
|-damage|p1a: Dudunsparce|177/339|[from] Leech Seed|[of] p2a: Whimsicott
|upkeep
|turn|52
|
|t:|1722979154
|move|p2a: Whimsicott|Substitute|p2a: Whimsicott
|-start|p2a: Whimsicott|Substitute
|-damage|p2a: Whimsicott|181/241
|move|p1a: Dudunsparce|Roost|p1a: Dudunsparce
|-heal|p1a: Dudunsparce|339/339
|-singleturn|p1a: Dudunsparce|move: Roost
|
|-heal|p2a: Whimsicott|196/241|[from] item: Leftovers
|-damage|p1a: Dudunsparce|297/339|[from] Leech Seed|[of] p2a: Whimsicott
|-heal|p2a: Whimsicott|238/241|[silent]
|upkeep
|turn|53
|
|t:|1722979156
|move|p2a: Whimsicott|Moonblast|p1a: Dudunsparce
|-damage|p1a: Dudunsparce|188/339
|move|p1a: Dudunsparce|Headbutt|p2a: Whimsicott
|-end|p2a: Whimsicott|Substitute
|
|-heal|p2a: Whimsicott|241/241|[from] item: Leftovers
|-heal|p1a: Dudunsparce|209/339|[from] item: Leftovers
|-damage|p1a: Dudunsparce|167/339|[from] Leech Seed|[of] p2a: Whimsicott
|upkeep
|turn|54
|
|t:|1722979159
|move|p2a: Whimsicott|Moonblast|p1a: Dudunsparce
|-damage|p1a: Dudunsparce|65/339
|-unboost|p1a: Dudunsparce|spa|1
|move|p1a: Dudunsparce|Roost|p1a: Dudunsparce
|-heal|p1a: Dudunsparce|235/339
|-singleturn|p1a: Dudunsparce|move: Roost
|
|-heal|p1a: Dudunsparce|256/339|[from] item: Leftovers
|-damage|p1a: Dudunsparce|214/339|[from] Leech Seed|[of] p2a: Whimsicott
|upkeep
|turn|55
|
|t:|1722979162
|move|p2a: Whimsicott|Substitute|p2a: Whimsicott
|-start|p2a: Whimsicott|Substitute
|-damage|p2a: Whimsicott|181/241
|move|p1a: Dudunsparce|Headbutt|p2a: Whimsicott
|-end|p2a: Whimsicott|Substitute
|
|-heal|p2a: Whimsicott|196/241|[from] item: Leftovers
|-heal|p1a: Dudunsparce|235/339|[from] item: Leftovers
|-damage|p1a: Dudunsparce|193/339|[from] Leech Seed|[of] p2a: Whimsicott
|-heal|p2a: Whimsicott|238/241|[silent]
|upkeep
|turn|56
|
|t:|1722979166
|move|p2a: Whimsicott|Moonblast|p1a: Dudunsparce
|-damage|p1a: Dudunsparce|82/339
|-unboost|p1a: Dudunsparce|spa|1
|move|p1a: Dudunsparce|Glare|p2a: Whimsicott
|-status|p2a: Whimsicott|par
|
|-heal|p1a: Dudunsparce|103/339|[from] item: Leftovers
|-heal|p2a: Whimsicott|241/241 par|[from] item: Leftovers
|-damage|p1a: Dudunsparce|61/339|[from] Leech Seed|[of] p2a: Whimsicott
|upkeep
|turn|57
|
|t:|1722979169
|move|p1a: Dudunsparce|Roost|p1a: Dudunsparce
|-heal|p1a: Dudunsparce|231/339
|-singleturn|p1a: Dudunsparce|move: Roost
|move|p2a: Whimsicott|Moonblast|p1a: Dudunsparce
|-damage|p1a: Dudunsparce|138/339
|
|-heal|p1a: Dudunsparce|159/339|[from] item: Leftovers
|-damage|p1a: Dudunsparce|117/339|[from] Leech Seed|[of] p2a: Whimsicott
|upkeep
|turn|58
|
|t:|1722979172
|move|p2a: Whimsicott|Substitute|p2a: Whimsicott
|-start|p2a: Whimsicott|Substitute
|-damage|p2a: Whimsicott|181/241 par
|move|p1a: Dudunsparce|Headbutt|p2a: Whimsicott
|-end|p2a: Whimsicott|Substitute
|
|-heal|p1a: Dudunsparce|138/339|[from] item: Leftovers
|-heal|p2a: Whimsicott|196/241 par|[from] item: Leftovers
|-damage|p1a: Dudunsparce|96/339|[from] Leech Seed|[of] p2a: Whimsicott
|-heal|p2a: Whimsicott|238/241 par|[silent]
|upkeep
|turn|59
|
|t:|1722979176
|move|p2a: Whimsicott|Substitute|p2a: Whimsicott
|-start|p2a: Whimsicott|Substitute
|-damage|p2a: Whimsicott|178/241 par
|move|p1a: Dudunsparce|Headbutt|p2a: Whimsicott
|-end|p2a: Whimsicott|Substitute
|
|-heal|p1a: Dudunsparce|117/339|[from] item: Leftovers
|-heal|p2a: Whimsicott|193/241 par|[from] item: Leftovers
|-damage|p1a: Dudunsparce|75/339|[from] Leech Seed|[of] p2a: Whimsicott
|-heal|p2a: Whimsicott|235/241 par|[silent]
|upkeep
|turn|60
|j| krokrokmou
|
|t:|1722979182
|move|p1a: Dudunsparce|Headbutt|p2a: Whimsicott
|-damage|p2a: Whimsicott|157/241 par
|cant|p2a: Whimsicott|flinch
|
|-heal|p1a: Dudunsparce|96/339|[from] item: Leftovers
|-heal|p2a: Whimsicott|172/241 par|[from] item: Leftovers
|-damage|p1a: Dudunsparce|54/339|[from] Leech Seed|[of] p2a: Whimsicott
|-heal|p2a: Whimsicott|214/241 par|[silent]
|upkeep
|turn|61
|
|t:|1722979185
|move|p1a: Dudunsparce|Headbutt|p2a: Whimsicott
|-damage|p2a: Whimsicott|135/241 par
|cant|p2a: Whimsicott|flinch
|
|-heal|p1a: Dudunsparce|75/339|[from] item: Leftovers
|-heal|p2a: Whimsicott|150/241 par|[from] item: Leftovers
|-damage|p1a: Dudunsparce|33/339|[from] Leech Seed|[of] p2a: Whimsicott
|-heal|p2a: Whimsicott|192/241 par|[silent]
|upkeep
|turn|62
|
|t:|1722979188
|move|p1a: Dudunsparce|Headbutt|p2a: Whimsicott
|-damage|p2a: Whimsicott|114/241 par
|move|p2a: Whimsicott|Moonblast|p1a: Dudunsparce
|-damage|p1a: Dudunsparce|0 fnt
|faint|p1a: Dudunsparce
|
|win|kandkad
|raw|ezws's rating: 2498 &rarr; <strong>2476</strong><br />(-22 for losing)
|raw|kandkad's rating: 2455 &rarr; <strong>2477</strong><br />(+22 for winning)
|l|☆ezws
|player|p1|
