|badge|p1|silver|gen9randombattle|30-2
|uhtml|medal-msg|<div class="broadcast-blue">Curious what those medals under the avatar are? PS now has Ladder Seasons! For more information, check out the <a href="https://www.smogon.com/forums/threads/3740067/">thread on Smogon.</a></div>
|badge|p2|silver|gen9randombattle|30-2
|uhtml|medal-msg|<div class="broadcast-blue">Curious what those medals under the avatar are? PS now has Ladder Seasons! For more information, check out the <a href="https://www.smogon.com/forums/threads/3740067/">thread on Smogon.</a></div>
|j|☆Referrals
|j|‽kandkad
|t:|1721662583
|gametype|singles
|player|p1|Referrals|unknown|2458
|player|p2|kandkad|clemont|2529
|teamsize|p1|6
|teamsize|p2|6
|gen|9
|tier|[Gen 9] Random Battle
|rated|
|rule|Species Clause: Limit one of each Pokémon
|rule|HP Percentage Mod: HP is shown in percentages
|rule|Sleep Clause Mod: Limit one foe put to sleep
|rule|Illusion Level Mod: Illusion disguises the Pokémon's true level
|
|t:|1721662583
|start
|switch|p1a: Poliwrath|Poliwrath, L88, M|302/302
|switch|p2a: Enamorus|Enamorus-Therian, L83, F|259/259
|turn|1
|inactive|Battle timer is ON: inactive players will automatically lose when time's up. (requested by kandkad)
|inactive|Referrals also wants the timer to be on.
|j| paysa
|inactive|Referrals has 120 seconds left.
|
|t:|1721662621
|switch|p1a: Spidops|Spidops, L96, F|271/271
|move|p2a: Enamorus|Moonblast|p1a: Spidops
|-damage|p1a: Spidops|156/271
|-unboost|p1a: Spidops|spa|1
|
|upkeep
|turn|2
|
|t:|1721662642
|move|p2a: Enamorus|Moonblast|p1a: Spidops
|-damage|p1a: Spidops|48/271
|-unboost|p1a: Spidops|spa|1
|move|p1a: Spidops|Sticky Web|p2a: Enamorus
|-sidestart|p2: kandkad|move: Sticky Web
|
|upkeep
|turn|3
|
|t:|1721662647
|move|p2a: Enamorus|Moonblast|p1a: Spidops
|-damage|p1a: Spidops|0 fnt
|faint|p1a: Spidops
|
|upkeep
|
|t:|1721662655
|switch|p1a: Lurantis|Lurantis, L87, M|264/264
|turn|4
|
|t:|1721662669
|move|p1a: Lurantis|Leaf Storm|p2a: Enamorus
|-resisted|p2a: Enamorus
|-damage|p2a: Enamorus|202/259
|-boost|p1a: Lurantis|spa|2
|move|p2a: Enamorus|Moonblast|p1a: Lurantis
|-crit|p1a: Lurantis
|-damage|p1a: Lurantis|95/264
|
|-heal|p1a: Lurantis|111/264|[from] item: Leftovers
|upkeep
|turn|5
|
|t:|1721662673
|move|p1a: Lurantis|Synthesis|p1a: Lurantis
|-heal|p1a: Lurantis|243/264
|move|p2a: Enamorus|Moonblast|p1a: Lurantis
|-damage|p1a: Lurantis|129/264
|
|-heal|p1a: Lurantis|145/264|[from] item: Leftovers
|upkeep
|turn|6
|
|t:|1721662687
|switch|p2a: Jumpluff|Jumpluff, L87, F|271/271
|move|p1a: Lurantis|Leaf Storm|p2a: Jumpluff
|-resisted|p2a: Jumpluff
|-damage|p2a: Jumpluff|213/271
|-boost|p1a: Lurantis|spa|2
|
|-heal|p1a: Lurantis|161/264|[from] item: Leftovers
|upkeep
|turn|7
|
|t:|1721662698
|switch|p1a: Probopass|Probopass, L92, F|260/260
|move|p2a: Jumpluff|Acrobatics|p1a: Probopass
|-resisted|p1a: Probopass
|-damage|p1a: Probopass|247/260
|
|upkeep
|turn|8
|
|t:|1721662703
|move|p2a: Jumpluff|Substitute|p2a: Jumpluff
|-start|p2a: Jumpluff|Substitute
|-damage|p2a: Jumpluff|146/271
|move|p1a: Probopass|Iron Defense|p1a: Probopass
|-boost|p1a: Probopass|def|2
|
|upkeep
|turn|9
|
|t:|1721662709
|move|p2a: Jumpluff|Leech Seed|p1a: Probopass
|-start|p1a: Probopass|move: Leech Seed
|move|p1a: Probopass|Body Press|p2a: Jumpluff
|-resisted|p2a: Jumpluff
|-end|p2a: Jumpluff|Substitute
|
|-damage|p1a: Probopass|215/260|[from] Leech Seed|[of] p2a: Jumpluff
|-heal|p2a: Jumpluff|178/271|[silent]
|upkeep
|turn|10
|
|t:|1721662711
|switch|p1a: Pyroar|Pyroar, L88, M|295/295
|-ability|p1a: Pyroar|Unnerve
|move|p2a: Jumpluff|Substitute|p2a: Jumpluff
|-start|p2a: Jumpluff|Substitute
|-damage|p2a: Jumpluff|111/271
|
|upkeep
|turn|11
|
|t:|1721662718
|move|p2a: Jumpluff|Leech Seed|p1a: Pyroar
|-start|p1a: Pyroar|move: Leech Seed
|move|p1a: Pyroar|Hyper Voice|p2a: Jumpluff
|-damage|p2a: Jumpluff|8/271
|
|-damage|p1a: Pyroar|259/295|[from] Leech Seed|[of] p2a: Jumpluff
|-heal|p2a: Jumpluff|44/271|[silent]
|upkeep
|turn|12
|
|t:|1721662721
|move|p2a: Jumpluff|Strength Sap|p1a: Pyroar
|-unboost|p1a: Pyroar|atk|1
|-heal|p2a: Jumpluff|168/271
|move|p1a: Pyroar|Work Up|p1a: Pyroar
|-boost|p1a: Pyroar|atk|1
|-boost|p1a: Pyroar|spa|1
|
|-damage|p1a: Pyroar|223/295|[from] Leech Seed|[of] p2a: Jumpluff
|-heal|p2a: Jumpluff|204/271|[silent]
|upkeep
|turn|13
|
|t:|1721662726
|move|p2a: Jumpluff|Acrobatics|p1a: Pyroar
|-damage|p1a: Pyroar|124/295
|move|p1a: Pyroar|Hyper Voice|p2a: Jumpluff
|-damage|p2a: Jumpluff|44/271
|
|-damage|p1a: Pyroar|88/295|[from] Leech Seed|[of] p2a: Jumpluff
|-heal|p2a: Jumpluff|80/271|[silent]
|upkeep
|turn|14
|
|t:|1721662731
|switch|p1a: Iron Crown|Iron Crown, L79|272/272
|move|p2a: Jumpluff|Acrobatics|p1a: Iron Crown
|-resisted|p1a: Iron Crown
|-damage|p1a: Iron Crown|233/272
|
|-heal|p1a: Iron Crown|250/272|[from] item: Leftovers
|upkeep
|turn|15
|
|t:|1721662740
|switch|p2a: Wugtrio|Wugtrio, L91, F|212/212
|-activate|p2a: Wugtrio|move: Sticky Web
|-unboost|p2a: Wugtrio|spe|1
|move|p1a: Iron Crown|Tachyon Cutter|p2a: Wugtrio
|-resisted|p2a: Wugtrio
|-damage|p2a: Wugtrio|182/212
|-resisted|p2a: Wugtrio
|-damage|p2a: Wugtrio|152/212
|-hitcount|p2a: Wugtrio|2
|
|-heal|p1a: Iron Crown|267/272|[from] item: Leftovers
|upkeep
|turn|16
|
|t:|1721662746
|-end|p1a: Iron Crown|Quark Drive|[silent]
|switch|p1a: Pyroar|Pyroar, L88, M|88/295
|-ability|p1a: Pyroar|Unnerve
|move|p2a: Wugtrio|Throat Chop|p1a: Pyroar
|-damage|p1a: Pyroar|0 fnt
|faint|p1a: Pyroar
|
|upkeep
|
|t:|1721662750
|switch|p1a: Lurantis|Lurantis, L87, M|161/264
|turn|17
|
|t:|1721662755
|switch|p2a: Jumpluff|Jumpluff, L87, F|80/271
|move|p1a: Lurantis|Superpower|p2a: Jumpluff
|-resisted|p2a: Jumpluff
|-damage|p2a: Jumpluff|23/271
|-boost|p1a: Lurantis|atk|1
|-boost|p1a: Lurantis|def|1
|
|-heal|p1a: Lurantis|177/264|[from] item: Leftovers
|upkeep
|turn|18
|
|t:|1721662759
|move|p2a: Jumpluff|Acrobatics|p1a: Lurantis
|-supereffective|p1a: Lurantis
|-damage|p1a: Lurantis|79/264
|move|p1a: Lurantis|Superpower|p2a: Jumpluff
|-resisted|p2a: Jumpluff
|-damage|p2a: Jumpluff|0 fnt
|-boost|p1a: Lurantis|atk|1
|-boost|p1a: Lurantis|def|1
|faint|p2a: Jumpluff
|
|-heal|p1a: Lurantis|95/264|[from] item: Leftovers
|upkeep
|inactive|kandkad has 120 seconds left.
|
|t:|1721662801
|switch|p2a: Enamorus|Enamorus-Therian, L83, F|202/259
|turn|19
|
|t:|1721662806
|move|p1a: Lurantis|Synthesis|p1a: Lurantis
|-heal|p1a: Lurantis|227/264
|move|p2a: Enamorus|Agility|p2a: Enamorus
|-boost|p2a: Enamorus|spe|2
|
|-heal|p1a: Lurantis|243/264|[from] item: Leftovers
|upkeep
|turn|20
|
|t:|1721662818
|move|p2a: Enamorus|Moonblast|p1a: Lurantis
|-damage|p1a: Lurantis|119/264
|move|p1a: Lurantis|Synthesis|p1a: Lurantis
|-heal|p1a: Lurantis|251/264
|
|-heal|p1a: Lurantis|264/264|[from] item: Leftovers
|upkeep
|turn|21
|
|t:|1721662820
|move|p2a: Enamorus|Moonblast|p1a: Lurantis
|-damage|p1a: Lurantis|146/264
|move|p1a: Lurantis|Leaf Storm|p2a: Enamorus
|-resisted|p2a: Enamorus
|-damage|p2a: Enamorus|139/259
|-boost|p1a: Lurantis|spa|2
|
|-heal|p1a: Lurantis|162/264|[from] item: Leftovers
|upkeep
|turn|22
|
|t:|1721662825
|move|p2a: Enamorus|Moonblast|p1a: Lurantis
|-damage|p1a: Lurantis|39/264
|move|p1a: Lurantis|Synthesis|p1a: Lurantis
|-heal|p1a: Lurantis|171/264
|
|-heal|p1a: Lurantis|187/264|[from] item: Leftovers
|upkeep
|turn|23
|
|t:|1721662827
|move|p2a: Enamorus|Moonblast|p1a: Lurantis
|-damage|p1a: Lurantis|66/264
|move|p1a: Lurantis|Synthesis|p1a: Lurantis
|-heal|p1a: Lurantis|198/264
|
|-heal|p1a: Lurantis|214/264|[from] item: Leftovers
|upkeep
|turn|24
|
|t:|1721662830
|move|p2a: Enamorus|Moonblast|p1a: Lurantis
|-damage|p1a: Lurantis|94/264
|move|p1a: Lurantis|Synthesis|p1a: Lurantis
|-heal|p1a: Lurantis|226/264
|
|-heal|p1a: Lurantis|242/264|[from] item: Leftovers
|upkeep
|turn|25
|
|t:|1721662836
|move|p2a: Enamorus|Moonblast|p1a: Lurantis
|-damage|p1a: Lurantis|125/264
|move|p1a: Lurantis|Leaf Storm|p2a: Enamorus
|-resisted|p2a: Enamorus
|-damage|p2a: Enamorus|22/259
|-boost|p1a: Lurantis|spa|2
|
|-heal|p1a: Lurantis|141/264|[from] item: Leftovers
|upkeep
|turn|26
|
|t:|1721662846
|move|p2a: Enamorus|Moonblast|p1a: Lurantis
|-damage|p1a: Lurantis|8/264
|move|p1a: Lurantis|Synthesis|p1a: Lurantis
|-heal|p1a: Lurantis|140/264
|
|-heal|p1a: Lurantis|156/264|[from] item: Leftovers
|upkeep
|turn|27
|
|t:|1721662853
|move|p2a: Enamorus|Moonblast|p1a: Lurantis
|-damage|p1a: Lurantis|44/264
|move|p1a: Lurantis|Superpower|p2a: Enamorus
|-resisted|p2a: Enamorus
|-damage|p2a: Enamorus|0 fnt
|-boost|p1a: Lurantis|atk|1
|-boost|p1a: Lurantis|def|1
|faint|p2a: Enamorus
|
|-heal|p1a: Lurantis|60/264|[from] item: Leftovers
|upkeep
|
|t:|1721662856
|switch|p2a: Sylveon|Sylveon, L85, F|300/300
|-activate|p2a: Sylveon|move: Sticky Web
|-unboost|p2a: Sylveon|spe|1
|turn|28
|
|t:|1721662862
|move|p1a: Lurantis|Synthesis|p1a: Lurantis
|-heal|p1a: Lurantis|192/264
|move|p2a: Sylveon|Hyper Voice|p1a: Lurantis
|-damage|p1a: Lurantis|60/264
|
|-heal|p1a: Lurantis|76/264|[from] item: Leftovers
|upkeep
|turn|29
|
|t:|1721662865
|move|p1a: Lurantis|Leaf Storm|p2a: Sylveon
|-damage|p2a: Sylveon|45/300
|-boost|p1a: Lurantis|spa|2
|move|p2a: Sylveon|Hyper Voice|p1a: Lurantis
|-damage|p1a: Lurantis|0 fnt
|faint|p1a: Lurantis
|
|-heal|p2a: Sylveon|63/300|[from] item: Leftovers
|upkeep
|
|t:|1721662867
|switch|p1a: Poliwrath|Poliwrath, L88, M|302/302
|turn|30
|j| saltvik
|
|t:|1721662878
|move|p1a: Poliwrath|Liquidation|p2a: Sylveon
|-damage|p2a: Sylveon|0 fnt
|faint|p2a: Sylveon
|
|upkeep
|inactive|kandkad has 120 seconds left.
|
|t:|1721662918
|switch|p2a: Gumshoos|Gumshoos, L95, M|321/321
|-activate|p2a: Gumshoos|move: Sticky Web
|-unboost|p2a: Gumshoos|spe|1
|turn|31
|
|t:|1721662926
|switch|p1a: Iron Crown|Iron Crown, L79|267/272
|-terastallize|p2a: Gumshoos|Normal
|move|p2a: Gumshoos|Double-Edge|p1a: Iron Crown
|-resisted|p1a: Iron Crown
|-damage|p1a: Iron Crown|0 fnt
|faint|p1a: Iron Crown
|-end|p1a: Iron Crown|Quark Drive|[silent]
|-damage|p2a: Gumshoos|233/321|[from] Recoil
|
|upkeep
|
|t:|1721662931
|switch|p1a: Probopass|Probopass, L92, F|215/260
|turn|32
|j| ermery
|inactive|kandkad has 120 seconds left.
|
|t:|1721662953
|switch|p2a: Wugtrio|Wugtrio, L91, F|152/212
|-activate|p2a: Wugtrio|move: Sticky Web
|-unboost|p2a: Wugtrio|spe|1
|move|p1a: Probopass|Iron Defense|p1a: Probopass
|-boost|p1a: Probopass|def|2
|
|upkeep
|turn|33
|
|t:|1721662964
|-terastallize|p1a: Probopass|Fighting
|move|p2a: Wugtrio|Stomping Tantrum|p1a: Probopass
|-damage|p1a: Probopass|186/260
|move|p1a: Probopass|Iron Defense|p1a: Probopass
|-boost|p1a: Probopass|def|2
|
|upkeep
|turn|34
|l|‽kandkad
|inactive|kandkad disconnected and has a minute to reconnect!
|player|p2|
|c| saltvik|thats fun
|c|☆Referrals|lmao
|c| paysa|tantrum is wild
|j| haxlolo
|inactive|kandkad has 30 seconds to reconnect!
|c| haxlolo|wow
|c| paysa|lolo queue up
|inactive|kandkad has 20 seconds to reconnect!
|c| paysa|i need elo
|c| haxlolo|no
|inactive|kandkad has 15 seconds to reconnect!
|c|☆Referrals|😂
|c| haxlolo|queue up rn youll play lizar
|inactive|kandkad has 10 seconds to reconnect!
|inactive|kandkad has 5 seconds to reconnect!
|c| paysa|freelo
|-message|kandkad lost due to inactivity.
|
|win|Referrals
|raw|Referrals's rating: 2458 &rarr; <strong>2482</strong><br />(+24 for winning)
|raw|kandkad's rating: 2529 &rarr; <strong>2505</strong><br />(-24 for losing)
