|badge|p1|silver|gen9randombattle|30-5
|uhtml|medal-msg|<div class="broadcast-blue">Curious what those medals under the avatar are? PS now has Ladder Seasons! For more information, check out the <a href="https://www.smogon.com/forums/threads/3740067/">thread on Smogon.</a></div>
|badge|p2|silver|gen9randombattle|30-5
|uhtml|medal-msg|<div class="broadcast-blue">Curious what those medals under the avatar are? PS now has Ladder Seasons! For more information, check out the <a href="https://www.smogon.com/forums/threads/3740067/">thread on Smogon.</a></div>
|j|☆pokeblade☆101
|j|☆milkreo
|t:|1747850944
|gametype|singles
|player|p1|pokeblade☆101|#rbtt8teamzygarde2|2478
|player|p2|milkreo|1|2507
|teamsize|p1|6
|teamsize|p2|6
|gen|9
|tier|[Gen 9] Random Battle
|rated|
|rule|Species Clause: Limit one of each Pokémon
|rule|HP Percentage Mod: HP is shown in percentages
|rule|Sleep Clause Mod: Limit one foe put to sleep
|rule|Illusion Level Mod: Illusion disguises the Pokémon's true level
|
|t:|1747850944
|start
|switch|p1a: Tyranitar|Tyranitar, L79, M|288/288
|switch|p2a: Kricketune|Kricketune, L99, M|311/311
|-weather|Sandstorm|[from] ability: Sand Stream|[of] p1a: Tyranitar
|turn|1
|j| koko kk boudin
|
|t:|1747851023
|move|p2a: Kricketune|Sticky Web|p1a: Tyranitar
|-sidestart|p1: pokeblade☆101|move: Sticky Web
|move|p1a: Tyranitar|Stone Edge|p2a: Kricketune
|-supereffective|p2a: Kricketune
|-damage|p2a: Kricketune|33/311
|
|-weather|Sandstorm|[upkeep]
|-damage|p2a: Kricketune|14/311|[from] Sandstorm
|upkeep
|turn|2
|
|t:|1747851072
|move|p2a: Kricketune|Pounce|p1a: Tyranitar
|-supereffective|p1a: Tyranitar
|-damage|p1a: Tyranitar|124/288
|-unboost|p1a: Tyranitar|spe|1
|move|p1a: Tyranitar|Stealth Rock|p2a: Kricketune
|-sidestart|p2: milkreo|move: Stealth Rock
|
|-weather|Sandstorm|[upkeep]
|-damage|p2a: Kricketune|0 fnt|[from] Sandstorm
|faint|p2a: Kricketune
|-heal|p1a: Tyranitar|142/288|[from] item: Leftovers
|upkeep
|
|t:|1747851104
|switch|p2a: Mamoswine|Mamoswine, L81, F|311/311
|-damage|p2a: Mamoswine|273/311|[from] Stealth Rock
|turn|3
|
|t:|1747851111
|switch|p1a: Dudunsparce|Dudunsparce-Three-Segment, L83, M|343/343
|-activate|p1a: Dudunsparce|move: Sticky Web
|-unboost|p1a: Dudunsparce|spe|1
|move|p2a: Mamoswine|Earthquake|p1a: Dudunsparce
|-damage|p1a: Dudunsparce|123/343
|
|-weather|Sandstorm|[upkeep]
|-damage|p1a: Dudunsparce|102/343|[from] Sandstorm
|-heal|p1a: Dudunsparce|123/343|[from] item: Leftovers
|upkeep
|turn|4
|
|t:|1747851119
|switch|p1a: Hawlucha|Hawlucha, L80, M|256/256
|move|p2a: Mamoswine|Earthquake|p1a: Hawlucha
|-immune|p1a: Hawlucha
|
|-weather|Sandstorm|[upkeep]
|-damage|p1a: Hawlucha|240/256|[from] Sandstorm
|upkeep
|turn|5
|inactive|Battle timer is ON: inactive players will automatically lose when time's up. (requested by pokeblade☆101)
|inactive|milkreo has 120 seconds left.
|
|t:|1747851191
|switch|p2a: Palossand|Palossand, L89, M|296/296
|-damage|p2a: Palossand|278/296|[from] Stealth Rock
|move|p1a: Hawlucha|Swords Dance|p1a: Hawlucha
|-boost|p1a: Hawlucha|atk|2
|
|-weather|none
|-heal|p2a: Palossand|296/296|[from] item: Leftovers
|upkeep
|turn|6
|inactive|milkreo has 120 seconds left.
|
|t:|1747851221
|move|p1a: Hawlucha|Throat Chop|p2a: Palossand
|-supereffective|p2a: Palossand
|-damage|p2a: Palossand|130/296
|-start|p2a: Palossand|Throat Chop|[silent]
|move|p2a: Palossand|Shadow Ball|p1a: Hawlucha
|-damage|p1a: Hawlucha|114/256
|
|-heal|p2a: Palossand|148/296|[from] item: Leftovers
|upkeep
|turn|7
|inactive|milkreo has 120 seconds left.
|
|t:|1747851243
|switch|p2a: Pyroar|Pyroar, L88, F|295/295
|-ability|p2a: Pyroar|Unnerve
|move|p1a: Hawlucha|Brave Bird|p2a: Pyroar
|-damage|p2a: Pyroar|30/295
|-damage|p1a: Hawlucha|27/256|[from] Recoil
|
|upkeep
|turn|8
|
|t:|1747851253
|switch|p1a: Tyranitar|Tyranitar, L79, M|142/288
|-activate|p1a: Tyranitar|move: Sticky Web
|-unboost|p1a: Tyranitar|spe|1
|-weather|Sandstorm|[from] ability: Sand Stream|[of] p1a: Tyranitar
|move|p2a: Pyroar|Hyper Voice|p1a: Tyranitar
|-resisted|p1a: Tyranitar
|-crit|p1a: Tyranitar
|-damage|p1a: Tyranitar|87/288
|
|-weather|Sandstorm|[upkeep]
|-damage|p2a: Pyroar|12/295|[from] Sandstorm
|-heal|p1a: Tyranitar|105/288|[from] item: Leftovers
|upkeep
|turn|9
|inactive|milkreo has 120 seconds left.
|
|t:|1747851276
|move|p2a: Pyroar|Hyper Voice|p1a: Tyranitar
|-resisted|p1a: Tyranitar
|-damage|p1a: Tyranitar|69/288
|move|p1a: Tyranitar|Knock Off|p2a: Pyroar
|-damage|p2a: Pyroar|0 fnt
|-enditem|p2a: Pyroar|Heavy-Duty Boots|[from] move: Knock Off|[of] p1a: Tyranitar
|faint|p2a: Pyroar
|
|-weather|Sandstorm|[upkeep]
|-heal|p1a: Tyranitar|87/288|[from] item: Leftovers
|upkeep
|inactive|milkreo has 90 seconds left.
|
|t:|1747851294
|switch|p2a: Bruxish|Bruxish, L85, F|254/254
|-damage|p2a: Bruxish|223/254|[from] Stealth Rock
|turn|10
|
|t:|1747851309
|move|p2a: Bruxish|Wave Crash|p1a: Tyranitar
|-supereffective|p1a: Tyranitar
|-crit|p1a: Tyranitar
|-damage|p1a: Tyranitar|0 fnt
|faint|p1a: Tyranitar
|-damage|p2a: Bruxish|194/254|[from] Recoil
|
|-weather|Sandstorm|[upkeep]
|-damage|p2a: Bruxish|179/254|[from] Sandstorm
|upkeep
|
|t:|1747851313
|switch|p1a: Sawsbuck|Sawsbuck-Summer, L88, M|284/284
|-activate|p1a: Sawsbuck|move: Sticky Web
|-unboost|p1a: Sawsbuck|spe|1
|turn|11
|
|t:|1747851322
|switch|p2a: Skuntank|Skuntank, L84, F|310/310
|-damage|p2a: Skuntank|272/310|[from] Stealth Rock
|move|p1a: Sawsbuck|Horn Leech|p2a: Skuntank
|-resisted|p2a: Skuntank
|-damage|p2a: Skuntank|201/310
|-damage|p1a: Sawsbuck|256/284|[from] item: Life Orb
|
|-weather|Sandstorm|[upkeep]
|-damage|p2a: Skuntank|182/310|[from] Sandstorm
|-damage|p1a: Sawsbuck|239/284|[from] Sandstorm
|upkeep
|turn|12
|
|t:|1747851331
|switch|p1a: Dudunsparce|Dudunsparce-Three-Segment, L83, M|123/343
|-activate|p1a: Dudunsparce|move: Sticky Web
|-unboost|p1a: Dudunsparce|spe|1
|move|p2a: Skuntank|Gunk Shot|p1a: Dudunsparce
|-damage|p1a: Dudunsparce|0 fnt
|faint|p1a: Dudunsparce
|-damage|p2a: Skuntank|151/310|[from] item: Life Orb
|
|-weather|none
|upkeep
|
|t:|1747851350
|switch|p1a: Falinks|Falinks, L84|246/246
|-activate|p1a: Falinks|move: Sticky Web
|-unboost|p1a: Falinks|spe|1
|-ability|p1a: Falinks|Defiant|boost
|-boost|p1a: Falinks|atk|2
|turn|13
|j|+Aqua
|
|t:|1747851376
|move|p2a: Skuntank|Gunk Shot|p1a: Falinks
|-damage|p1a: Falinks|97/246
|-damage|p2a: Skuntank|120/310|[from] item: Life Orb
|move|p1a: Falinks|Iron Head|p2a: Skuntank
|-damage|p2a: Skuntank|0 fnt
|-damage|p1a: Falinks|36/246|[from] ability: Aftermath|[of] p2a: Skuntank
|faint|p2a: Skuntank
|-damage|p1a: Falinks|12/246|[from] item: Life Orb
|
|upkeep
|inactive|milkreo has 90 seconds left.
|
|t:|1747851397
|switch|p2a: Bruxish|Bruxish, L85, F|179/254
|-damage|p2a: Bruxish|148/254|[from] Stealth Rock
|turn|14
|inactive|milkreo has 60 seconds left.
|inactive|pokeblade☆101 has 120 seconds left.
|
|t:|1747851448
|switch|p1a: Hawlucha|Hawlucha, L80, M|27/256
|move|p2a: Bruxish|Psychic Fangs|p1a: Hawlucha
|-supereffective|p1a: Hawlucha
|-damage|p1a: Hawlucha|0 fnt
|faint|p1a: Hawlucha
|
|upkeep
|inactive|pokeblade☆101 has 90 seconds left.
|
|t:|1747851480
|switch|p1a: Falinks|Falinks, L84|12/246
|-activate|p1a: Falinks|move: Sticky Web
|-unboost|p1a: Falinks|spe|1
|-ability|p1a: Falinks|Defiant|boost
|-boost|p1a: Falinks|atk|2
|turn|15
|inactive|pokeblade☆101 has 90 seconds left.
|
|t:|1747851491
|switch|p2a: Palossand|Palossand, L89, M|148/296
|-damage|p2a: Palossand|130/296|[from] Stealth Rock
|switch|p1a: Sawsbuck|Sawsbuck-Summer, L88, M|239/284
|-activate|p1a: Sawsbuck|move: Sticky Web
|-unboost|p1a: Sawsbuck|spe|1
|
|-heal|p2a: Palossand|148/296|[from] item: Leftovers
|upkeep
|turn|16
|inactive|milkreo has 30 seconds left.
|
|t:|1747851515
|move|p1a: Sawsbuck|Horn Leech|p2a: Palossand
|-supereffective|p2a: Palossand
|-damage|p2a: Palossand|0 fnt
|-heal|p1a: Sawsbuck|284/284|[from] drain|[of] p2a: Palossand
|faint|p2a: Palossand
|-damage|p1a: Sawsbuck|256/284|[from] item: Life Orb
|
|upkeep
|inactive|milkreo has 30 seconds left this turn.
|
|t:|1747851518
|switch|p2a: Mamoswine|Mamoswine, L81, F|273/311
|-damage|p2a: Mamoswine|235/311|[from] Stealth Rock
|turn|17
|inactive|milkreo has 30 seconds left.
|inactive|pokeblade☆101 has 90 seconds left.
|inactive|milkreo has 20 seconds left.
|inactive|milkreo has 15 seconds left.
|inactive|milkreo has 10 seconds left.
|inactive|milkreo has 5 seconds left.
|
|t:|1747851553
|switch|p1a: Kyogre|Kyogre, L71|259/259
|-activate|p1a: Kyogre|move: Sticky Web
|-unboost|p1a: Kyogre|spe|1
|-weather|RainDance|[from] ability: Drizzle|[of] p1a: Kyogre
|-terastallize|p2a: Mamoswine|Ice
|move|p2a: Mamoswine|Icicle Crash|p1a: Kyogre
|-resisted|p1a: Kyogre
|-damage|p1a: Kyogre|132/259
|
|-weather|RainDance|[upkeep]
|-heal|p1a: Kyogre|148/259|[from] item: Leftovers
|upkeep
|turn|18
|inactive|milkreo has 15 seconds left this turn.
|inactive|pokeblade☆101 has 90 seconds left.
|inactive|milkreo has 10 seconds left.
|inactive|milkreo has 5 seconds left.
|
|t:|1747851567
|move|p2a: Mamoswine|Icicle Crash|p1a: Kyogre|[miss]
|-miss|p2a: Mamoswine|p1a: Kyogre
|move|p1a: Kyogre|Origin Pulse|p2a: Mamoswine
|-damage|p2a: Mamoswine|0 fnt
|faint|p2a: Mamoswine
|
|-weather|RainDance|[upkeep]
|-heal|p1a: Kyogre|164/259|[from] item: Leftovers
|upkeep
|inactive|milkreo has 5 seconds left this turn.
|
|t:|1747851570
|switch|p2a: Bruxish|Bruxish, L85, F|148/254
|-damage|p2a: Bruxish|117/254|[from] Stealth Rock
|turn|19
|inactive|milkreo has 15 seconds left this turn.
|inactive|pokeblade☆101 has 90 seconds left.
|
|t:|1747851576
|move|p2a: Bruxish|Psychic Fangs|p1a: Kyogre
|-damage|p1a: Kyogre|0 fnt
|faint|p1a: Kyogre
|
|-weather|RainDance|[upkeep]
|upkeep
|
|t:|1747851578
|switch|p1a: Falinks|Falinks, L84|12/246
|-activate|p1a: Falinks|move: Sticky Web
|-unboost|p1a: Falinks|spe|1
|-ability|p1a: Falinks|Defiant|boost
|-boost|p1a: Falinks|atk|2
|turn|20
|inactive|milkreo has 25 seconds left this turn.
|
|t:|1747851580
|-terastallize|p1a: Falinks|Dark
|move|p2a: Bruxish|Psychic Fangs|p1a: Falinks
|-immune|p1a: Falinks
|move|p1a: Falinks|Knock Off|p2a: Bruxish
|-supereffective|p2a: Bruxish
|-damage|p2a: Bruxish|0 fnt
|-enditem|p2a: Bruxish|Choice Scarf|[from] move: Knock Off|[of] p1a: Falinks
|faint|p2a: Bruxish
|-damage|p1a: Falinks|0 fnt|[from] item: Life Orb
|faint|p1a: Falinks
|
|win|pokeblade☆101
|raw|pokeblade☆101's rating: 2478 &rarr; <strong>2500</strong><br />(+22 for winning)
|raw|milkreo's rating: 2507 &rarr; <strong>2485</strong><br />(-22 for losing)
|l| koko kk boudin
