|badge|p1|silver|gen9randombattle|30-2
|uhtml|medal-msg|<div class="broadcast-blue">Curious what those medals under the avatar are? PS now has Ladder Seasons! For more information, check out the <a href="https://www.smogon.com/forums/threads/3740067/">thread on Smogon.</a></div>
|badge|p2|silver|gen9randombattle|30-2
|uhtml|medal-msg|<div class="broadcast-blue">Curious what those medals under the avatar are? PS now has Ladder Seasons! For more information, check out the <a href="https://www.smogon.com/forums/threads/3740067/">thread on Smogon.</a></div>
|j|☆RBLT Petros
|j|☆RBLT Fantsy1
|t:|1726410671
|gametype|singles
|player|p1|RBLT Petros|#rbtt7teamdarkraif|2494
|player|p2|RBLT Fantsy1|bugcatcher-gen4dp|2489
|teamsize|p1|6
|teamsize|p2|6
|gen|9
|tier|[Gen 9] Random Battle
|rated|
|rule|Species Clause: Limit one of each Pokémon
|rule|HP Percentage Mod: HP is shown in percentages
|rule|Sleep Clause Mod: Limit one foe put to sleep
|rule|Illusion Level Mod: Illusion disguises the Pokémon's true level
|
|t:|1726410671
|start
|switch|p1a: Lilligant|Lilligant-Hisui, L80, F|243/243
|switch|p2a: Sandaconda|Sandaconda, L84, M|258/258
|turn|1
|inactive|Battle timer is ON: inactive players will automatically lose when time's up. (requested by RBLT Petros)
|inactive|RBLT Fantsy1 also wants the timer to be on.
|c|☆RBLT Fantsy1|hf :)
|c|☆RBLT Petros|you too!
|inactive|RBLT Petros has 120 seconds left.
|inactive|RBLT Fantsy1 has 120 seconds left.
|
|t:|1726410712
|switch|p1a: Phione|Phione, L90|290/290
|switch|p2a: Moltres|Moltres, L81|278/278
|
|upkeep
|turn|2
|inactive|RBLT Fantsy1 has 120 seconds left.
|
|t:|1726410744
|switch|p2a: Grumpig|Grumpig, L92, F|297/297
|move|p1a: Phione|Scald|p2a: Grumpig
|-damage|p2a: Grumpig|231/297
|
|upkeep
|turn|3
|
|t:|1726410759
|switch|p1a: Gothitelle|Gothitelle, L90, F|272/272
|move|p2a: Grumpig|Trick|p1a: Gothitelle
|-activate|p2a: Grumpig|move: Trick|[of] p1a: Gothitelle
|-item|p1a: Gothitelle|Choice Scarf|[from] move: Trick
|-item|p2a: Grumpig|Choice Scarf|[from] move: Trick
|
|upkeep
|turn|4
|j| Revival Tour
|j| rblt L
|inactive|RBLT Petros has 120 seconds left.
|
|t:|1726410795
|switch|p1a: Tropius|Tropius, L91, F|328/328
|move|p2a: Grumpig|Shadow Ball|p1a: Tropius
|-crit|p1a: Tropius
|-damage|p1a: Tropius|233/328
|
|upkeep
|turn|5
|
|t:|1726410804
|switch|p2a: Forretress|Forretress, L84, M|263/263
|move|p1a: Tropius|Substitute|p1a: Tropius
|-start|p1a: Tropius|Substitute
|-damage|p1a: Tropius|151/328
|-enditem|p1a: Tropius|Sitrus Berry|[eat]
|-heal|p1a: Tropius|233/328|[from] item: Sitrus Berry
|
|upkeep
|turn|6
|inactive|RBLT Petros has 120 seconds left.
|
|t:|1726410809
|move|p1a: Tropius|Air Slash|p2a: Forretress
|-crit|p2a: Forretress
|-damage|p2a: Forretress|125/263
|move|p2a: Forretress|Toxic Spikes|p1a: Tropius
|-sidestart|p1: RBLT Petros|move: Toxic Spikes
|
|-heal|p2a: Forretress|141/263|[from] item: Leftovers
|-item|p1a: Tropius|Sitrus Berry|[from] ability: Harvest
|upkeep
|turn|7
|
|t:|1726410818
|move|p1a: Tropius|Air Slash|p2a: Forretress
|-damage|p2a: Forretress|38/263
|move|p2a: Forretress|Rapid Spin|p1a: Tropius
|-activate|p1a: Tropius|move: Substitute|[damage]
|-boost|p2a: Forretress|spe|1
|
|-heal|p2a: Forretress|54/263|[from] item: Leftovers
|upkeep
|turn|8
|
|t:|1726410827
|move|p2a: Forretress|Stealth Rock|p1a: Tropius
|-sidestart|p1: RBLT Petros|move: Stealth Rock
|move|p1a: Tropius|Air Slash|p2a: Forretress
|-damage|p2a: Forretress|0 fnt
|faint|p2a: Forretress
|
|upkeep
|
|t:|1726410853
|switch|p2a: Moltres|Moltres, L81|278/278
|turn|9
|j| RBLT Ivar57
|
|t:|1726410872
|move|p1a: Tropius|Protect|p1a: Tropius
|-singleturn|p1a: Tropius|Protect
|move|p2a: Moltres|Brave Bird|p1a: Tropius
|-activate|p1a: Tropius|move: Protect
|
|upkeep
|turn|10
|
|t:|1726410879
|move|p2a: Moltres|Brave Bird|p1a: Tropius
|-supereffective|p1a: Tropius
|-end|p1a: Tropius|Substitute
|-damage|p2a: Moltres|262/278|[from] Recoil|[of] p1a: Tropius
|move|p1a: Tropius|Leech Seed|p2a: Moltres
|-start|p2a: Moltres|move: Leech Seed
|
|-damage|p2a: Moltres|228/278|[from] Leech Seed|[of] p1a: Tropius
|-heal|p1a: Tropius|267/328|[silent]
|upkeep
|turn|11
|
|t:|1726410901
|switch|p2a: Medicham|Medicham, L86, M|243/243
|switch|p1a: Gothitelle|Gothitelle, L90, F|272/272
|-status|p1a: Gothitelle|psn
|-damage|p1a: Gothitelle|238/272 psn|[from] Stealth Rock
|
|-damage|p1a: Gothitelle|204/272 psn|[from] psn
|upkeep
|turn|12
|inactive|RBLT Petros has 120 seconds left.
|
|t:|1726410921
|move|p1a: Gothitelle|Psychic|p2a: Medicham
|-damage|p2a: Medicham|123/243
|move|p2a: Medicham|Ice Punch|p1a: Gothitelle
|-damage|p1a: Gothitelle|103/272 psn
|
|-damage|p1a: Gothitelle|69/272 psn|[from] psn
|upkeep
|turn|13
|inactive|RBLT Petros has 120 seconds left.
|
|t:|1726410926
|move|p1a: Gothitelle|Psychic|p2a: Medicham
|-damage|p2a: Medicham|14/243
|move|p2a: Medicham|Ice Punch|p1a: Gothitelle
|-damage|p1a: Gothitelle|0 fnt
|faint|p1a: Gothitelle
|
|upkeep
|inactive|RBLT Petros has 120 seconds left.
|
|t:|1726410948
|switch|p1a: Kleavor|Kleavor, L78, M|237/237
|turn|14
|
|t:|1726410972
|move|p2a: Medicham|Ice Punch|p1a: Kleavor
|-damage|p1a: Kleavor|120/237
|-status|p1a: Kleavor|frz
|cant|p1a: Kleavor|frz
|
|upkeep
|turn|15
|inactive|RBLT Petros has 120 seconds left.
|c|☆RBLT Fantsy1|mb
|
|t:|1726410988
|move|p2a: Medicham|Ice Punch|p1a: Kleavor
|-damage|p1a: Kleavor|8/237 frz
|-curestatus|p1a: Kleavor|frz|[msg]
|move|p1a: Kleavor|Stone Axe|p2a: Medicham
|-resisted|p2a: Medicham
|-damage|p2a: Medicham|0 fnt
|-sidestart|p2: RBLT Fantsy1|move: Stealth Rock
|faint|p2a: Medicham
|
|upkeep
|inactive|RBLT Fantsy1 has 120 seconds left.
|
|t:|1726411028
|switch|p2a: Moltres|Moltres, L81|228/278
|turn|16
|
|t:|1726411033
|move|p2a: Moltres|Brave Bird|p1a: Kleavor
|-damage|p1a: Kleavor|0 fnt
|faint|p1a: Kleavor
|-damage|p2a: Moltres|225/278|[from] Recoil
|
|upkeep
|
|t:|1726411039
|switch|p1a: Phione|Phione, L90|290/290
|-status|p1a: Phione|psn
|-damage|p1a: Phione|254/290 psn|[from] Stealth Rock
|turn|17
|j|+35Q71N
|
|t:|1726411043
|switch|p2a: Grumpig|Grumpig, L92, F|231/297
|-damage|p2a: Grumpig|194/297|[from] Stealth Rock
|move|p1a: Phione|Take Heart|p1a: Phione
|-boost|p1a: Phione|spa|1
|-boost|p1a: Phione|spd|1
|-curestatus|p1a: Phione|psn|[msg]
|
|-heal|p1a: Phione|272/290|[from] item: Leftovers
|upkeep
|turn|18
|j| RBLT loudthump1
|
|t:|1726411048
|move|p2a: Grumpig|Trick|p1a: Phione
|-activate|p2a: Grumpig|move: Trick|[of] p1a: Phione
|-item|p1a: Phione|Choice Scarf|[from] move: Trick
|-item|p2a: Grumpig|Leftovers|[from] move: Trick
|move|p1a: Phione|Scald|p2a: Grumpig
|-damage|p2a: Grumpig|97/297
|-status|p2a: Grumpig|brn
|
|-heal|p2a: Grumpig|115/297 brn|[from] item: Leftovers
|-damage|p2a: Grumpig|97/297 brn|[from] brn
|upkeep
|turn|19
|
|t:|1726411066
|move|p1a: Phione|Scald|p2a: Grumpig
|-damage|p2a: Grumpig|6/297 brn
|move|p2a: Grumpig|Psyshock|p1a: Phione
|-damage|p1a: Phione|182/290
|
|-heal|p2a: Grumpig|24/297 brn|[from] item: Leftovers
|-damage|p2a: Grumpig|6/297 brn|[from] brn
|upkeep
|turn|20
|
|t:|1726411073
|move|p1a: Phione|Scald|p2a: Grumpig
|-damage|p2a: Grumpig|0 fnt
|faint|p2a: Grumpig
|
|upkeep
|
|t:|1726411076
|switch|p2a: Sandaconda|Sandaconda, L84, M|258/258
|-damage|p2a: Sandaconda|242/258|[from] Stealth Rock
|turn|21
|
|t:|1726411089
|-terastallize|p2a: Sandaconda|Dragon
|move|p1a: Phione|Scald|p2a: Sandaconda
|-resisted|p2a: Sandaconda
|-damage|p2a: Sandaconda|170/258
|move|p2a: Sandaconda|Coil|p2a: Sandaconda
|-boost|p2a: Sandaconda|atk|1
|-boost|p2a: Sandaconda|def|1
|-boost|p2a: Sandaconda|accuracy|1
|
|-heal|p2a: Sandaconda|186/258|[from] item: Leftovers
|upkeep
|turn|22
|inactive|RBLT Petros has 120 seconds left.
|
|t:|1726411134
|switch|p1a: Tropius|Tropius, L91, F|267/328
|-damage|p1a: Tropius|185/328|[from] Stealth Rock
|move|p2a: Sandaconda|Stone Edge|p1a: Tropius
|-supereffective|p1a: Tropius
|-damage|p1a: Tropius|0 fnt
|faint|p1a: Tropius
|
|-heal|p2a: Sandaconda|202/258|[from] item: Leftovers
|upkeep
|
|t:|1726411147
|switch|p1a: Phione|Phione, L90|182/290
|-status|p1a: Phione|psn
|-damage|p1a: Phione|146/290 psn|[from] Stealth Rock
|turn|23
|
|t:|1726411157
|switch|p2a: Revavroom|Revavroom, L79, F|256/256
|-damage|p2a: Revavroom|240/256|[from] Stealth Rock
|move|p1a: Phione|Ice Beam|p2a: Revavroom
|-resisted|p2a: Revavroom
|-damage|p2a: Revavroom|197/256
|-status|p2a: Revavroom|frz
|
|-damage|p1a: Phione|110/290 psn|[from] psn
|upkeep
|turn|24
|
|t:|1726411162
|switch|p1a: Oricorio|Oricorio-Pom-Pom, L82, F|257/257
|cant|p2a: Revavroom|frz
|
|upkeep
|turn|25
|inactive|RBLT Petros has 120 seconds left.
|l| RBLT loudthump1
|inactive|RBLT Fantsy1 has 120 seconds left.
|
|t:|1726411213
|switch|p2a: Sandaconda|Sandaconda, L84, M, tera:Dragon|202/258
|-damage|p2a: Sandaconda|170/258|[from] Stealth Rock
|move|p1a: Oricorio|Revelation Dance|p2a: Sandaconda
|-resisted|p2a: Sandaconda
|-damage|p2a: Sandaconda|113/258
|
|-heal|p2a: Sandaconda|129/258|[from] item: Leftovers
|upkeep
|turn|26
|inactive|RBLT Petros has 90 seconds left.
|
|t:|1726411239
|-terastallize|p1a: Oricorio|Ground
|move|p1a: Oricorio|Hurricane|p2a: Sandaconda
|-damage|p2a: Sandaconda|0 fnt
|faint|p2a: Sandaconda
|
|upkeep
|
|t:|1726411248
|switch|p2a: Moltres|Moltres, L81|225/278
|turn|27
|inactive|RBLT Petros has 90 seconds left.
|
|t:|1726411276
|move|p1a: Oricorio|Quiver Dance|p1a: Oricorio
|-boost|p1a: Oricorio|spa|1
|-boost|p1a: Oricorio|spd|1
|-boost|p1a: Oricorio|spe|1
|move|p2a: Moltres|Fire Blast|p1a: Oricorio
|-crit|p1a: Oricorio
|-damage|p1a: Oricorio|16/257
|
|upkeep
|turn|28
|
|t:|1726411283
|move|p1a: Oricorio|Roost|p1a: Oricorio
|-heal|p1a: Oricorio|145/257
|move|p2a: Moltres|Brave Bird|p1a: Oricorio
|-damage|p1a: Oricorio|0 fnt
|faint|p1a: Oricorio
|-damage|p2a: Moltres|177/278|[from] Recoil
|
|upkeep
|c|☆RBLT Petros|idk
|inactive|RBLT Petros has 60 seconds left.
|
|t:|1726411334
|switch|p1a: Phione|Phione, L90|110/290 psn
|-damage|p1a: Phione|74/290 psn|[from] Stealth Rock
|turn|29
|inactive|RBLT Fantsy1 has 120 seconds left.
|inactive|RBLT Fantsy1 has 90 seconds left.
|
|t:|1726411392
|move|p1a: Phione|Scald|p2a: Moltres
|-supereffective|p2a: Moltres
|-damage|p2a: Moltres|9/278
|move|p2a: Moltres|Roost|p2a: Moltres
|-heal|p2a: Moltres|148/278
|-singleturn|p2a: Moltres|move: Roost
|
|-damage|p1a: Phione|38/290 psn|[from] psn
|upkeep
|turn|30
|inactive|RBLT Fantsy1 has 90 seconds left.
|
|t:|1726411399
|move|p1a: Phione|Scald|p2a: Moltres
|-supereffective|p2a: Moltres
|-damage|p2a: Moltres|0 fnt
|faint|p2a: Moltres
|
|-damage|p1a: Phione|2/290 psn|[from] psn
|upkeep
|
|t:|1726411401
|switch|p2a: Revavroom|Revavroom, L79, F|197/256 frz
|-damage|p2a: Revavroom|181/256 frz|[from] Stealth Rock
|turn|31
|j| RBLT loudthump1
|j| RBLT soT
|inactive|RBLT Petros has 60 seconds left.
|
|t:|1726411407
|switch|p1a: Lilligant|Lilligant-Hisui, L80, F|243/243
|-status|p1a: Lilligant|psn
|-damage|p1a: Lilligant|228/243 psn|[from] Stealth Rock
|cant|p2a: Revavroom|frz
|
|-damage|p1a: Lilligant|198/243 psn|[from] psn
|upkeep
|turn|32
|j| rb LTG99
|
|t:|1726411415
|move|p1a: Lilligant|Close Combat|p2a: Revavroom|[miss]
|-miss|p1a: Lilligant|p2a: Revavroom
|-curestatus|p2a: Revavroom|frz|[msg]
|move|p2a: Revavroom|Shift Gear|p2a: Revavroom
|-boost|p2a: Revavroom|spe|2
|-boost|p2a: Revavroom|atk|1
|
|-damage|p1a: Lilligant|168/243 psn|[from] psn
|upkeep
|turn|33
|c|☆RBLT Fantsy1|oml
|inactive|RBLT Fantsy1 has 120 seconds left.
|c|☆RBLT Petros|oh my god
|inactive|RBLT Petros has 60 seconds left.
|c|☆RBLT Petros|!showset lilligant
|c| RBLT Petros|/raw <div class="infobox">Lilligant (Lilligant-Hisui) (F) @ Wide Lens  <br />Ability: Hustle  <br />Level: 80  <br />Tera Type: Steel  <br />EVs: 85 HP &#x2f; 85 Atk &#x2f; 85 Def &#x2f; 85 SpA &#x2f; 85 SpD &#x2f; 85 Spe  <br />- Sleep Powder  <br />- Victory Dance  <br />- Leaf Blade  <br />- Close Combat  <br /><br /></div>
|c|☆RBLT Fantsy1|this game
|c|☆RBLT Fantsy1|was very silly
|c| rblt L|you both threw a couple of times lul
|inactive|RBLT Petros has 30 seconds left.
|
|t:|1726411463
|move|p2a: Revavroom|Iron Head|p1a: Lilligant
|-damage|p1a: Lilligant|0 fnt
|faint|p1a: Lilligant
|-damage|p2a: Revavroom|156/256|[from] item: Life Orb
|
|upkeep
|inactive|RBLT Petros has 30 seconds left.
|c|☆RBLT Petros|where
|j| RBLT DarkAbesS
|inactive|RBLT Petros has 20 seconds left.
|inactive|RBLT Petros has 15 seconds left.
|inactive|RBLT Petros has 10 seconds left.
|inactive|RBLT Petros has 5 seconds left.
|c| rblt L|you had free qd on sandaconda
|-message|RBLT Petros lost due to inactivity.
|
|win|RBLT Fantsy1
|raw|RBLT Petros's rating: 2494 &rarr; <strong>2474</strong><br />(-20 for losing)
|raw|RBLT Fantsy1's rating: 2489 &rarr; <strong>2509</strong><br />(+20 for winning)
|l| RBLT DarkAbesS
|c| rblt L|and fantasy could stall poison with revavroom
|l| Revival Tour
|j| RBLT Freezai
|c|☆RBLT Petros|yea
|l| RBLT Ivar57
|j| Revival Tour
|c|☆RBLT Petros|i mean
|l| Revival Tour
|c|☆RBLT Petros|was it free qd
|c| rblt L|if you planned to tera
|l| RBLT loudthump1
|c| rblt L|anyway
|c| rblt L|it was
|l| rblt L
|j|%Mada
|l|%Mada
|l| RBLT Freezai
|l|☆RBLT Fantsy1
|player|p2|
|j| mimilimi
|l|☆RBLT Petros
|player|p1|
|l| mimilimi
|l|+35Q71N
|l| rb LTG99
