|badge|p1|silver|gen9randombattle|30-6
|uhtml|medal-msg|<div class="broadcast-blue">Curious what those medals under the avatar are? PS now has Ladder Seasons! For more information, check out the <a href="https://www.smogon.com/forums/threads/3740067/">thread on Smogon.</a></div>
|badge|p2|silver|gen9randombattle|30-6
|badge|p2|bronze|gen9ou|100-6
|uhtml|medal-msg|<div class="broadcast-blue">Curious what those medals under the avatar are? PS now has Ladder Seasons! For more information, check out the <a href="https://www.smogon.com/forums/threads/3740067/">thread on Smogon.</a></div>
|j|☆Aqua
|j|☆Node
|t:|1752351839
|gametype|singles
|player|p1|Aqua|#rbtt6teamlatiasf|2486
|player|p2|Node|169|2506
|gen|9
|tier|[Gen 9] Random Battle
|rated|
|rule|Species Clause: Limit one of each Pokémon
|rule|HP Percentage Mod: HP is shown in percentages
|rule|Sleep Clause Mod: Limit one foe put to sleep
|rule|Illusion Level Mod: Illusion disguises the Pokémon's true level
|
|t:|1752351839
|teamsize|p1|6
|teamsize|p2|6
|start
|switch|p1a: Whiscash|Whiscash, L88, F|337/337
|switch|p2a: Gholdengo|Gholdengo, L77|261/261
|turn|1
|c|☆Node|hf!
|c|☆Aqua|hf!
|
|t:|1752351856
|move|p2a: Gholdengo|Trick|p1a: Whiscash
|-activate|p2a: Gholdengo|move: Trick|[of] p1a: Whiscash
|-item|p1a: Whiscash|Choice Scarf|[from] move: Trick
|-item|p2a: Gholdengo|Life Orb|[from] move: Trick
|move|p1a: Whiscash|Dragon Dance|p1a: Whiscash
|-boost|p1a: Whiscash|atk|1
|-boost|p1a: Whiscash|spe|1
|
|upkeep
|turn|2
|c|☆Aqua|nasty
|c|☆Node|life orb kinda nice
|
|t:|1752351891
|switch|p1a: Kingdra|Kingdra, L84, M|263/263
|move|p2a: Gholdengo|Make It Rain|p1a: Kingdra
|-resisted|p1a: Kingdra
|-damage|p1a: Kingdra|180/263
|-unboost|p2a: Gholdengo|spa|1
|-damage|p2a: Gholdengo|235/261|[from] item: Life Orb
|
|upkeep
|turn|3
|
|t:|1752351902
|switch|p2a: Meganium|Meganium, L90, M|290/290
|move|p1a: Kingdra|Rain Dance|p1a: Kingdra
|-weather|RainDance
|
|-weather|RainDance|[upkeep]
|upkeep
|turn|4
|
|t:|1752351909
|move|p1a: Kingdra|Hurricane|p2a: Meganium
|-supereffective|p2a: Meganium
|-damage|p2a: Meganium|126/290
|-damage|p1a: Kingdra|154/263|[from] item: Life Orb
|move|p2a: Meganium|Dragon Tail|p1a: Kingdra
|-supereffective|p1a: Kingdra
|-damage|p1a: Kingdra|78/263
|drag|p1a: Koraidon|Koraidon, L64|235/235
|-weather|SunnyDay|[from] ability: Orichalcum Pulse|[of] p1a: Koraidon
|-activate|p1a: Koraidon|Orichalcum Pulse|[source]
|
|-weather|SunnyDay|[upkeep]
|-heal|p2a: Meganium|144/290|[from] item: Leftovers
|upkeep
|turn|5
|c|☆Node|this is gonna be an interesting game
|
|t:|1752351958
|switch|p2a: Kyogre|Kyogre, L71|259/259
|-weather|RainDance|[from] ability: Drizzle|[of] p2a: Kyogre
|move|p1a: Koraidon|U-turn|p2a: Kyogre
|-damage|p2a: Kyogre|192/259
|
|t:|1752351991
|switch|p1a: Regieleki|Regieleki, L79|256/256|[from] U-turn
|
|-weather|RainDance|[upkeep]
|upkeep
|turn|6
|
|t:|1752351997
|switch|p2a: Mamoswine|Mamoswine, L81, M|311/311
|move|p1a: Regieleki|Volt Switch|p2a: Mamoswine
|-immune|p2a: Mamoswine
|
|-weather|RainDance|[upkeep]
|upkeep
|turn|7
|
|t:|1752352002
|switch|p1a: Whiscash|Whiscash, L88, F|337/337
|move|p2a: Mamoswine|Icicle Crash|p1a: Whiscash
|-damage|p1a: Whiscash|168/337
|
|-weather|RainDance|[upkeep]
|upkeep
|turn|8
|
|t:|1752352014
|switch|p1a: Koraidon|Koraidon, L64|235/235
|-weather|SunnyDay|[from] ability: Orichalcum Pulse|[of] p1a: Koraidon
|-activate|p1a: Koraidon|Orichalcum Pulse|[source]
|switch|p2a: Meganium|Meganium, L90, M|144/290
|
|-weather|SunnyDay|[upkeep]
|-heal|p2a: Meganium|162/290|[from] item: Leftovers
|upkeep
|turn|9
|
|t:|1752352042
|-terastallize|p2a: Meganium|Water
|move|p1a: Koraidon|U-turn|p2a: Meganium
|-damage|p2a: Meganium|94/290
|
|t:|1752352067
|switch|p1a: Florges|Florges-Orange, L85, F|271/271|[from] U-turn
|move|p2a: Meganium|Synthesis|p2a: Meganium
|-heal|p2a: Meganium|287/290
|
|-weather|SunnyDay|[upkeep]
|-heal|p2a: Meganium|290/290|[from] item: Leftovers
|upkeep
|turn|10
|
|t:|1752352092
|switch|p2a: Lugia|Lugia, L73|275/275
|move|p1a: Florges|Moonblast|p2a: Lugia
|-damage|p2a: Lugia|231/275
|-unboost|p2a: Lugia|spa|1
|
|-weather|SunnyDay|[upkeep]
|upkeep
|turn|11
|
|t:|1752352099
|move|p2a: Lugia|Recover|p2a: Lugia
|-heal|p2a: Lugia|275/275
|move|p1a: Florges|Wish|p1a: Florges
|
|-weather|SunnyDay|[upkeep]
|upkeep
|turn|12
|
|t:|1752352109
|switch|p1a: Kingdra|Kingdra, L84, M|78/263
|move|p2a: Lugia|Calm Mind|p2a: Lugia
|-boost|p2a: Lugia|spa|1
|-boost|p2a: Lugia|spd|1
|
|-weather|none
|-heal|p1a: Kingdra|213/263|[from] move: Wish|[wisher] Florges
|upkeep
|turn|13
|c|☆Aqua|hm
|
|t:|1752352175
|switch|p1a: Malamar|Malamar, L82, F|275/275
|move|p2a: Lugia|Psychic Noise|p1a: Malamar
|-immune|p1a: Malamar
|
|upkeep
|turn|14
|
|t:|1752352222
|switch|p2a: Meganium|Meganium, L90, M, tera:Water|290/290
|move|p1a: Malamar|Knock Off|p2a: Meganium
|-damage|p2a: Meganium|211/290
|-enditem|p2a: Meganium|Leftovers|[from] move: Knock Off|[of] p1a: Malamar
|
|upkeep
|turn|15
|
|t:|1752352243
|move|p2a: Meganium|Energy Ball|p1a: Malamar
|-damage|p1a: Malamar|163/275
|-boost|p1a: Malamar|spd|1
|move|p1a: Malamar|Superpower|p2a: Meganium
|-crit|p2a: Meganium
|-damage|p2a: Meganium|115/290
|-boost|p1a: Malamar|atk|1
|-boost|p1a: Malamar|def|1
|
|upkeep
|turn|16
|j| alvx
|
|t:|1752352265
|move|p2a: Meganium|Knock Off|p1a: Malamar
|-crit|p1a: Malamar
|-damage|p1a: Malamar|55/275
|-enditem|p1a: Malamar|Chesto Berry|[from] move: Knock Off|[of] p2a: Meganium
|move|p1a: Malamar|Superpower|p2a: Meganium
|-damage|p2a: Meganium|16/290
|-boost|p1a: Malamar|atk|1
|-boost|p1a: Malamar|def|1
|
|upkeep
|turn|17
|
|t:|1752352278
|switch|p1a: Koraidon|Koraidon, L64|235/235
|-weather|SunnyDay|[from] ability: Orichalcum Pulse|[of] p1a: Koraidon
|-activate|p1a: Koraidon|Orichalcum Pulse|[source]
|move|p2a: Meganium|Energy Ball|p1a: Koraidon
|-resisted|p1a: Koraidon
|-damage|p1a: Koraidon|151/235
|
|-weather|SunnyDay|[upkeep]
|upkeep
|turn|18
|c|☆Node|i
|c|☆Node|almost synthed
|c|☆Node|nooo
|c|☆Aqua|almost
|
|t:|1752352305
|switch|p2a: Gholdengo|Gholdengo, L77|235/261
|move|p1a: Koraidon|U-turn|p2a: Gholdengo
|-resisted|p2a: Gholdengo
|-damage|p2a: Gholdengo|216/261
|
|t:|1752352342
|switch|p1a: Kingdra|Kingdra, L84, M|213/263|[from] U-turn
|
|-weather|SunnyDay|[upkeep]
|upkeep
|turn|19
|
|t:|1752352349
|move|p1a: Kingdra|Rain Dance|p1a: Kingdra
|-weather|RainDance
|move|p2a: Gholdengo|Shadow Ball|p1a: Kingdra
|-damage|p1a: Kingdra|110/263
|-damage|p2a: Gholdengo|190/261|[from] item: Life Orb
|
|-weather|RainDance|[upkeep]
|upkeep
|turn|20
|
|t:|1752352375
|move|p1a: Kingdra|Wave Crash|p2a: Gholdengo
|-damage|p2a: Gholdengo|0 fnt
|faint|p2a: Gholdengo
|-damage|p1a: Kingdra|47/263|[from] Recoil
|-damage|p1a: Kingdra|21/263|[from] item: Life Orb
|
|-weather|RainDance|[upkeep]
|upkeep
|
|t:|1752352391
|switch|p2a: Mamoswine|Mamoswine, L81, M|311/311
|turn|21
|
|t:|1752352408
|move|p2a: Mamoswine|Ice Shard|p1a: Kingdra
|-damage|p1a: Kingdra|0 fnt
|faint|p1a: Kingdra
|
|-weather|RainDance|[upkeep]
|upkeep
|
|t:|1752352410
|switch|p1a: Whiscash|Whiscash, L88, F|168/337
|turn|22
|
|t:|1752352420
|switch|p2a: Dragonite|Dragonite, L74, M|257/257
|move|p1a: Whiscash|Liquidation|p2a: Dragonite
|-resisted|p2a: Dragonite
|-damage|p2a: Dragonite|223/257
|
|-weather|RainDance|[upkeep]
|upkeep
|turn|23
|c|☆Aqua|welp
|
|t:|1752352431
|switch|p1a: Florges|Florges-Orange, L85, F|271/271
|move|p2a: Dragonite|Dragon Dance|p2a: Dragonite
|-boost|p2a: Dragonite|atk|1
|-boost|p2a: Dragonite|spe|1
|
|-weather|none
|upkeep
|turn|24
|
|t:|1752352458
|move|p1a: Florges|Protect|p1a: Florges
|-singleturn|p1a: Florges|Protect
|move|p2a: Dragonite|Iron Head|p1a: Florges
|-activate|p1a: Florges|move: Protect
|
|upkeep
|turn|25
|
|t:|1752352515
|move|p2a: Dragonite|Iron Head|p1a: Florges
|-supereffective|p1a: Florges
|-damage|p1a: Florges|77/271
|move|p1a: Florges|Moonblast|p2a: Dragonite
|-supereffective|p2a: Dragonite
|-damage|p2a: Dragonite|0 fnt
|faint|p2a: Dragonite
|
|-heal|p1a: Florges|93/271|[from] item: Leftovers
|upkeep
|j| frag121
|
|t:|1752352525
|switch|p2a: Mamoswine|Mamoswine, L81, M|311/311
|turn|26
|
|t:|1752352529
|move|p1a: Florges|Protect|p1a: Florges
|-singleturn|p1a: Florges|Protect
|move|p2a: Mamoswine|Earthquake|p1a: Florges
|-activate|p1a: Florges|move: Protect
|
|-heal|p1a: Florges|109/271|[from] item: Leftovers
|upkeep
|turn|27
|
|t:|1752352535
|switch|p1a: Malamar|Malamar, L82, F|55/275
|move|p2a: Mamoswine|Earthquake|p1a: Malamar
|-damage|p1a: Malamar|0 fnt
|faint|p1a: Malamar
|
|upkeep
|
|t:|1752352541
|switch|p1a: Koraidon|Koraidon, L64|151/235
|-weather|SunnyDay|[from] ability: Orichalcum Pulse|[of] p1a: Koraidon
|-activate|p1a: Koraidon|Orichalcum Pulse|[source]
|turn|28
|
|t:|1752352547
|switch|p2a: Kyogre|Kyogre, L71|192/259
|-weather|RainDance|[from] ability: Drizzle|[of] p2a: Kyogre
|move|p1a: Koraidon|U-turn|p2a: Kyogre
|-damage|p2a: Kyogre|122/259
|j| Mixam91
|
|t:|1752352559
|switch|p1a: Florges|Florges-Orange, L85, F|109/271|[from] U-turn
|
|-weather|RainDance|[upkeep]
|-heal|p1a: Florges|125/271|[from] item: Leftovers
|upkeep
|turn|29
|
|t:|1752352580
|switch|p2a: Mamoswine|Mamoswine, L81, M|311/311
|move|p1a: Florges|Moonblast|p2a: Mamoswine
|-damage|p2a: Mamoswine|148/311
|
|-weather|RainDance|[upkeep]
|-heal|p1a: Florges|141/271|[from] item: Leftovers
|upkeep
|turn|30
|
|t:|1752352585
|move|p1a: Florges|Protect|p1a: Florges
|-singleturn|p1a: Florges|Protect
|move|p2a: Mamoswine|Earthquake|p1a: Florges
|-activate|p1a: Florges|move: Protect
|
|-weather|RainDance|[upkeep]
|-heal|p1a: Florges|157/271|[from] item: Leftovers
|upkeep
|turn|31
|
|t:|1752352594
|move|p1a: Florges|Moonblast|p2a: Mamoswine
|-damage|p2a: Mamoswine|0 fnt
|faint|p2a: Mamoswine
|
|-weather|RainDance|[upkeep]
|-heal|p1a: Florges|173/271|[from] item: Leftovers
|upkeep
|c|☆Node|teehee
|c|☆Aqua|ah
|
|t:|1752352601
|switch|p2a: Lugia|Lugia, L73|275/275
|turn|32
|
|t:|1752352616
|switch|p1a: Regieleki|Regieleki, L79|256/256
|move|p2a: Lugia|Calm Mind|p2a: Lugia
|-boost|p2a: Lugia|spa|1
|-boost|p2a: Lugia|spd|1
|
|-weather|none
|upkeep
|turn|33
|
|t:|1752352620
|-terastallize|p1a: Regieleki|Electric
|move|p1a: Regieleki|Thunderbolt|p2a: Lugia
|-supereffective|p2a: Lugia
|-damage|p2a: Lugia|185/275
|move|p2a: Lugia|Recover|p2a: Lugia
|-heal|p2a: Lugia|275/275
|
|upkeep
|turn|34
|c|☆Node|maybe
|c|☆Node|the tie was worse for me
|c|☆Node|just maybe
|c|☆Node|should've sacked kek
|
|t:|1752352689
|move|p1a: Regieleki|Thunderbolt|p2a: Lugia
|-supereffective|p2a: Lugia
|-damage|p2a: Lugia|187/275
|move|p2a: Lugia|Psychic Noise|p1a: Regieleki
|-damage|p1a: Regieleki|124/256
|-start|p1a: Regieleki|move: Heal Block
|
|upkeep
|turn|35
|
|t:|1752352727
|move|p1a: Regieleki|Thunderbolt|p2a: Lugia
|-supereffective|p2a: Lugia
|-damage|p2a: Lugia|11/275
|move|p2a: Lugia|Recover|p2a: Lugia
|-heal|p2a: Lugia|149/275
|
|-end|p1a: Regieleki|move: Heal Block
|upkeep
|turn|36
|c|☆Node|F
|c|☆Node|gg
|c|☆Aqua|ah
|c|☆Aqua|this really was an even match and the speed tie just auto determined who won tbh
|c|☆Aqua|gg
|c|☆Node|ggs
|
|t:|1752352750
|move|p1a: Regieleki|Thunderbolt|p2a: Lugia
|-supereffective|p2a: Lugia
|-damage|p2a: Lugia|0 fnt
|faint|p2a: Lugia
|
|upkeep
|
|t:|1752352752
|switch|p2a: Meganium|Meganium, L90, M, tera:Water|16/290
|turn|37
|
|t:|1752352757
|move|p1a: Regieleki|Rapid Spin|p2a: Meganium
|-damage|p2a: Meganium|0 fnt
|-boost|p1a: Regieleki|spe|1
|faint|p2a: Meganium
|
|upkeep
|
|t:|1752352761
|switch|p2a: Kyogre|Kyogre, L71|122/259
|-weather|RainDance|[from] ability: Drizzle|[of] p2a: Kyogre
|turn|38
|
|t:|1752352764
|move|p1a: Regieleki|Explosion|p2a: Kyogre
|-damage|p2a: Kyogre|0 fnt
|faint|p1a: Regieleki
|faint|p2a: Kyogre
|
|win|Aqua
|raw|Aqua's rating: 2486 &rarr; <strong>2507</strong><br />(+21 for winning)
|raw|Node's rating: 2506 &rarr; <strong>2485</strong><br />(-21 for losing)
|l|☆Node
|player|p2|
