|badge|p1|silver|gen9randombattle|30-5
|uhtml|medal-msg|<div class="broadcast-blue">Curious what those medals under the avatar are? PS now has Ladder Seasons! For more information, check out the <a href="https://www.smogon.com/forums/threads/3740067/">thread on Smogon.</a></div>
|badge|p2|gold|gen9randombattle|3-5
|uhtml|medal-msg|<div class="broadcast-blue">Curious what those medals under the avatar are? PS now has Ladder Seasons! For more information, check out the <a href="https://www.smogon.com/forums/threads/3740067/">thread on Smogon.</a></div>
|j|☆Michielleus
|j|☆MichaelderBeste2
|t:|1743843994
|gametype|singles
|player|p1|Michielleus|#michielleus|2453
|player|p2|MichaelderBeste2|#splxviraiders|2544
|teamsize|p1|6
|teamsize|p2|6
|gen|9
|tier|[Gen 9] Random Battle
|rated|
|rule|Species Clause: Limit one of each Pokémon
|rule|HP Percentage Mod: HP is shown in percentages
|rule|Sleep Clause Mod: Limit one foe put to sleep
|rule|Illusion Level Mod: Illusion disguises the Pokémon's true level
|
|t:|1743843994
|start
|switch|p1a: Raikou|Raikou, L81|278/278
|switch|p2a: Delibird|Delibird, M|252/252
|-ability|p1a: Raikou|Pressure
|turn|1
|inactive|Battle timer is ON: inactive players will automatically lose when time's up. (requested by Michielleus)
|c|☆Michielleus|hf
|inactive|MichaelderBeste2 has 120 seconds left.
|
|t:|1743844041
|switch|p2a: Zebstrika|Zebstrika, L87, M|272/272
|move|p1a: Raikou|Scald|p2a: Zebstrika
|-damage|p2a: Zebstrika|192/272
|
|upkeep
|turn|2
|
|t:|1743844054
|switch|p1a: Gastrodon|Gastrodon, L86, F|331/331
|move|p2a: Zebstrika|Volt Switch|p1a: Gastrodon
|-immune|p1a: Gastrodon
|
|upkeep
|turn|3
|
|t:|1743844060
|switch|p2a: Delibird|Delibird, M|252/252
|move|p1a: Gastrodon|Spikes|p2a: Delibird
|-sidestart|p2: MichaelderBeste2|Spikes
|
|upkeep
|turn|4
|
|t:|1743844071
|switch|p1a: Raikou|Raikou, L81|278/278
|-ability|p1a: Raikou|Pressure
|move|p2a: Delibird|Spikes|p1a: Raikou
|-sidestart|p1: Michielleus|Spikes
|
|upkeep
|turn|5
|
|t:|1743844100
|switch|p2a: Persian|Persian, L92, F|269/269
|-damage|p2a: Persian|236/269|[from] Spikes
|move|p1a: Raikou|Thunderbolt|p2a: Persian
|-damage|p2a: Persian|118/269
|
|upkeep
|turn|6
|
|t:|1743844106
|switch|p1a: Orthworm|Orthworm, L88, F|266/266
|-damage|p1a: Orthworm|233/266|[from] Spikes
|move|p2a: Persian|Fake Out|p1a: Orthworm
|-resisted|p1a: Orthworm
|-damage|p1a: Orthworm|212/266
|
|-heal|p1a: Orthworm|228/266|[from] item: Leftovers
|upkeep
|turn|7
|
|t:|1743844111
|move|p2a: Persian|U-turn|p1a: Orthworm
|-resisted|p1a: Orthworm
|-damage|p1a: Orthworm|213/266
|
|t:|1743844113
|switch|p2a: Vaporeon|Vaporeon, L86, M|364/364|[from] U-turn
|-damage|p2a: Vaporeon|319/364|[from] Spikes
|move|p1a: Orthworm|Stealth Rock|p2a: Vaporeon
|-sidestart|p2: MichaelderBeste2|move: Stealth Rock
|
|-heal|p1a: Orthworm|229/266|[from] item: Leftovers
|-heal|p2a: Vaporeon|341/364|[from] item: Leftovers
|upkeep
|turn|8
|
|t:|1743844127
|switch|p1a: Raikou|Raikou, L81|278/278
|-damage|p1a: Raikou|244/278|[from] Spikes
|-ability|p1a: Raikou|Pressure
|move|p2a: Vaporeon|Scald|p1a: Raikou
|-damage|p1a: Raikou|154/278
|-status|p1a: Raikou|brn
|
|-heal|p1a: Raikou|171/278 brn|[from] item: Leftovers
|-heal|p2a: Vaporeon|363/364|[from] item: Leftovers
|-damage|p1a: Raikou|154/278 brn|[from] brn
|upkeep
|turn|9
|
|t:|1743844136
|move|p1a: Raikou|Thunderbolt|p2a: Vaporeon
|-supereffective|p2a: Vaporeon
|-damage|p2a: Vaporeon|159/364
|move|p2a: Vaporeon|Scald|p1a: Raikou
|-damage|p1a: Raikou|67/278 brn
|
|-heal|p1a: Raikou|84/278 brn|[from] item: Leftovers
|-heal|p2a: Vaporeon|181/364|[from] item: Leftovers
|-damage|p1a: Raikou|67/278 brn|[from] brn
|upkeep
|turn|10
|
|t:|1743844143
|move|p2a: Vaporeon|Protect|p2a: Vaporeon
|-singleturn|p2a: Vaporeon|Protect
|move|p1a: Raikou|Thunderbolt|p2a: Vaporeon
|-activate|p2a: Vaporeon|move: Protect
|
|-heal|p1a: Raikou|84/278 brn|[from] item: Leftovers
|-heal|p2a: Vaporeon|203/364|[from] item: Leftovers
|-damage|p1a: Raikou|67/278 brn|[from] brn
|upkeep
|turn|11
|
|t:|1743844144
|switch|p2a: Zebstrika|Zebstrika, L87, M|192/272
|-damage|p2a: Zebstrika|158/272|[from] Spikes
|-damage|p2a: Zebstrika|124/272|[from] Stealth Rock
|move|p1a: Raikou|Thunderbolt|p2a: Zebstrika
|-resisted|p2a: Zebstrika
|-damage|p2a: Zebstrika|61/272
|
|-heal|p1a: Raikou|84/278 brn|[from] item: Leftovers
|-damage|p1a: Raikou|67/278 brn|[from] brn
|upkeep
|turn|12
|
|t:|1743844150
|switch|p1a: Gastrodon|Gastrodon, L86, F|331/331
|-damage|p1a: Gastrodon|290/331|[from] Spikes
|move|p2a: Zebstrika|High Horsepower|p1a: Gastrodon
|-damage|p1a: Gastrodon|181/331
|-damage|p2a: Zebstrika|34/272|[from] item: Life Orb
|
|-heal|p1a: Gastrodon|201/331|[from] item: Leftovers
|upkeep
|turn|13
|
|t:|1743844154
|switch|p2a: Delibird|Delibird, M|252/252
|switch|p1a: Raikou|Raikou, L81|67/278 brn
|-damage|p1a: Raikou|33/278 brn|[from] Spikes
|-ability|p1a: Raikou|Pressure
|
|-heal|p1a: Raikou|50/278 brn|[from] item: Leftovers
|-damage|p1a: Raikou|33/278 brn|[from] brn
|upkeep
|turn|14
|
|t:|1743844159
|switch|p2a: Zebstrika|Zebstrika, L87, M|34/272
|-damage|p2a: Zebstrika|0 fnt|[from] Spikes
|faint|p2a: Zebstrika
|move|p1a: Raikou|Thunderbolt|p2: Zebstrika|[notarget]
|-fail|p1a: Raikou
|
|-heal|p1a: Raikou|50/278 brn|[from] item: Leftovers
|-damage|p1a: Raikou|33/278 brn|[from] brn
|upkeep
|
|t:|1743844160
|switch|p2a: Persian|Persian, L92, F|118/269
|-damage|p2a: Persian|85/269|[from] Spikes
|-damage|p2a: Persian|52/269|[from] Stealth Rock
|turn|15
|
|t:|1743844163
|switch|p1a: Orthworm|Orthworm, L88, F|229/266
|-damage|p1a: Orthworm|196/266|[from] Spikes
|move|p2a: Persian|Knock Off|p1a: Orthworm
|-damage|p1a: Orthworm|152/266
|-enditem|p1a: Orthworm|Leftovers|[from] move: Knock Off|[of] p2a: Persian
|
|upkeep
|turn|16
|
|t:|1743844168
|move|p2a: Persian|U-turn|p1a: Orthworm
|-resisted|p1a: Orthworm
|-crit|p1a: Orthworm
|-damage|p1a: Orthworm|128/266
|
|t:|1743844170
|switch|p2a: Hitmontop|Hitmontop, L88, M|231/231|[from] U-turn
|-damage|p2a: Hitmontop|203/231|[from] Spikes
|-damage|p2a: Hitmontop|189/231|[from] Stealth Rock
|-ability|p2a: Hitmontop|Intimidate|boost
|-unboost|p1a: Orthworm|atk|1
|move|p1a: Orthworm|Spikes|p2a: Hitmontop
|-sidestart|p2: MichaelderBeste2|Spikes
|
|upkeep
|turn|17
|
|t:|1743844176
|switch|p1a: Raikou|Raikou, L81|33/278 brn
|-damage|p1a: Raikou|0 fnt|[from] Spikes
|faint|p1a: Raikou
|move|p2a: Hitmontop|Close Combat|p1: Raikou|[notarget]
|-fail|p2a: Hitmontop
|
|upkeep
|
|t:|1743844187
|switch|p1a: Lycanroc|Lycanroc-Dusk, L81, M|254/254
|-damage|p1a: Lycanroc|223/254|[from] Spikes
|turn|18
|
|t:|1743844191
|-terastallize|p1a: Lycanroc|Fighting
|-terastallize|p2a: Hitmontop|Steel
|move|p1a: Lycanroc|Close Combat|p2a: Hitmontop
|-supereffective|p2a: Hitmontop
|-damage|p2a: Hitmontop|0 fnt
|-unboost|p1a: Lycanroc|def|1
|-unboost|p1a: Lycanroc|spd|1
|faint|p2a: Hitmontop
|
|upkeep
|-message|MichaelderBeste2 forfeited.
|
|win|Michielleus
|raw|Michielleus's rating: 2453 &rarr; <strong>2478</strong><br />(+25 for winning)
|raw|MichaelderBeste2's rating: 2544 &rarr; <strong>2519</strong><br />(-25 for losing)
|l|☆MichaelderBeste2
|player|p2|
