|badge|p1|silver|gen9randombattle|30-5
|uhtml|medal-msg|<div class="broadcast-blue">Curious what those medals under the avatar are? PS now has Ladder Seasons! For more information, check out the <a href="https://www.smogon.com/forums/threads/3740067/">thread on Smogon.</a></div>
|badge|p2|silver|gen9randombattle|30-5
|badge|p2|bronze|gen9ou|100-5
|uhtml|medal-msg|<div class="broadcast-blue">Curious what those medals under the avatar are? PS now has Ladder Seasons! For more information, check out the <a href="https://www.smogon.com/forums/threads/3740067/">thread on Smogon.</a></div>
|j|☆Aqua
|j|☆freebobby2020
|t:|1749491543
|gametype|singles
|player|p1|Aqua|#rbtt7teamdarkraif|2480
|player|p2|freebobby2020|1|2507
|teamsize|p1|6
|teamsize|p2|6
|gen|9
|tier|[Gen 9] Random Battle
|rated|
|rule|Species Clause: Limit one of each Pokémon
|rule|HP Percentage Mod: HP is shown in percentages
|rule|Sleep Clause Mod: Limit one foe put to sleep
|rule|Illusion Level Mod: Illusion disguises the Pokémon's true level
|
|t:|1749491543
|start
|switch|p1a: Miraidon|Miraidon, L65|238/238
|switch|p2a: Tyranitar|Tyranitar, L79, F|288/288
|-fieldstart|move: Electric Terrain|[from] ability: Hadron Engine|[of] p1a: Miraidon
|-weather|Sandstorm|[from] ability: Sand Stream|[of] p2a: Tyranitar
|turn|1
|inactive|Battle timer is ON: inactive players will automatically lose when time's up. (requested by Aqua)
|
|t:|1749491560
|move|p1a: Miraidon|Volt Switch|p2a: Tyranitar
|-damage|p2a: Tyranitar|189/288
|j|+pokeblade☆101
|
|t:|1749491576
|switch|p1a: Gallade|Gallade, L80, M|240/240|[from] Volt Switch
|move|p2a: Tyranitar|Knock Off|p1a: Gallade
|-damage|p1a: Gallade|77/240
|-enditem|p1a: Gallade|Choice Band|[from] move: Knock Off|[of] p2a: Tyranitar
|
|-weather|Sandstorm|[upkeep]
|-damage|p1a: Gallade|62/240|[from] Sandstorm
|-heal|p2a: Tyranitar|207/288|[from] item: Leftovers
|upkeep
|turn|2
|
|t:|1749491587
|switch|p2a: Scream Tail|Scream Tail, L84|330/330
|move|p1a: Gallade|Leaf Blade|p2a: Scream Tail
|-damage|p2a: Scream Tail|236/330
|
|-weather|Sandstorm|[upkeep]
|-damage|p2a: Scream Tail|216/330|[from] Sandstorm
|-damage|p1a: Gallade|47/240|[from] Sandstorm
|-heal|p2a: Scream Tail|236/330|[from] item: Leftovers
|upkeep
|turn|3
|
|t:|1749491611
|switch|p1a: Iron Bundle|Iron Bundle, L77|213/213
|-activate|p1a: Iron Bundle|ability: Quark Drive
|-start|p1a: Iron Bundle|quarkdrivespe
|move|p2a: Scream Tail|Wish|p2a: Scream Tail
|
|-weather|Sandstorm|[upkeep]
|-damage|p1a: Iron Bundle|200/213|[from] Sandstorm
|-damage|p2a: Scream Tail|216/330|[from] Sandstorm
|-heal|p2a: Scream Tail|236/330|[from] item: Leftovers
|upkeep
|turn|4
|
|t:|1749491623
|-end|p2a: Scream Tail|Protosynthesis|[silent]
|switch|p2a: Venusaur|Venusaur, L84, F|272/272
|move|p1a: Iron Bundle|Ice Beam|p2a: Venusaur
|-supereffective|p2a: Venusaur
|-damage|p2a: Venusaur|12/272
|
|-weather|Sandstorm|[upkeep]
|-damage|p1a: Iron Bundle|187/213|[from] Sandstorm
|-damage|p2a: Venusaur|0 fnt|[from] Sandstorm
|faint|p2a: Venusaur
|upkeep
|
|t:|1749491630
|switch|p2a: Magearna|Magearna-Original, L77|250/250
|turn|5
|inactive|Aqua has 120 seconds left.
|inactive|freebobby2020 has 120 seconds left.
|
|t:|1749491673
|-end|p1a: Iron Bundle|Quark Drive|[silent]
|switch|p1a: Drednaw|Drednaw, L81, F|278/278
|move|p2a: Magearna|Shift Gear|p2a: Magearna
|-boost|p2a: Magearna|spe|2
|-boost|p2a: Magearna|atk|1
|
|-weather|none
|-fieldend|move: Electric Terrain
|upkeep
|turn|6
|inactive|freebobby2020 has 120 seconds left.
|
|t:|1749491687
|move|p2a: Magearna|Fleur Cannon|p1a: Drednaw
|-damage|p1a: Drednaw|85/278
|-unboost|p2a: Magearna|spa|2
|move|p1a: Drednaw|Shell Smash|p1a: Drednaw
|-unboost|p1a: Drednaw|def|1
|-unboost|p1a: Drednaw|spd|1
|-boost|p1a: Drednaw|atk|2
|-boost|p1a: Drednaw|spa|2
|-boost|p1a: Drednaw|spe|2
|-enditem|p1a: Drednaw|White Herb
|-clearnegativeboost|p1a: Drednaw|[silent]
|
|upkeep
|turn|7
|
|t:|1749491694
|switch|p2a: Scream Tail|Scream Tail, L84|236/330
|move|p1a: Drednaw|Liquidation|p2a: Scream Tail
|-damage|p2a: Scream Tail|49/330
|-unboost|p2a: Scream Tail|def|1
|
|-heal|p2a: Scream Tail|69/330|[from] item: Leftovers
|upkeep
|turn|8
|
|t:|1749491699
|move|p1a: Drednaw|Liquidation|p2a: Scream Tail
|-damage|p2a: Scream Tail|0 fnt
|faint|p2a: Scream Tail
|-end|p2a: Scream Tail|Protosynthesis|[silent]
|
|upkeep
|
|t:|1749491701
|switch|p2a: Blastoise|Blastoise, L80, F|258/258
|turn|9
|inactive|Aqua has 120 seconds left.
|inactive|Aqua has 90 seconds left.
|
|t:|1749491755
|move|p1a: Drednaw|Earthquake|p2a: Blastoise
|-damage|p2a: Blastoise|121/258
|move|p2a: Blastoise|Hydro Pump|p1a: Drednaw
|-damage|p1a: Drednaw|0 fnt
|faint|p1a: Drednaw
|
|upkeep
|j| Dorito picante
|l| Dorito picante
|inactive|Aqua has 60 seconds left.
|
|t:|1749491782
|switch|p1a: Gallade|Gallade, L80, M|47/240
|turn|10
|
|t:|1749491792
|move|p1a: Gallade|Sacred Sword|p2a: Blastoise
|-damage|p2a: Blastoise|0 fnt
|faint|p2a: Blastoise
|
|upkeep
|
|t:|1749491795
|switch|p2a: Articuno|Articuno-Galar, L84|288/288
|turn|11
|
|t:|1749491810
|switch|p1a: Miraidon|Miraidon, L65|238/238
|-fieldstart|move: Electric Terrain|[from] ability: Hadron Engine|[of] p1a: Miraidon
|move|p2a: Articuno|Freezing Glare|p1a: Miraidon
|-damage|p1a: Miraidon|126/238
|
|upkeep
|turn|12
|
|t:|1749491817
|switch|p2a: Tyranitar|Tyranitar, L79, F|207/288
|-weather|Sandstorm|[from] ability: Sand Stream|[of] p2a: Tyranitar
|move|p1a: Miraidon|Electro Drift|p2a: Tyranitar
|-damage|p2a: Tyranitar|77/288
|
|-weather|Sandstorm|[upkeep]
|-damage|p1a: Miraidon|112/238|[from] Sandstorm
|-heal|p2a: Tyranitar|95/288|[from] item: Leftovers
|upkeep
|turn|13
|
|t:|1749491823
|move|p1a: Miraidon|Electro Drift|p2a: Tyranitar
|-damage|p2a: Tyranitar|0 fnt
|faint|p2a: Tyranitar
|
|-weather|Sandstorm|[upkeep]
|-damage|p1a: Miraidon|98/238|[from] Sandstorm
|upkeep
|
|t:|1749491825
|switch|p2a: Magearna|Magearna-Original, L77|250/250
|turn|14
|
|t:|1749491831
|-terastallize|p1a: Miraidon|Electric
|-terastallize|p2a: Magearna|Ground
|move|p1a: Miraidon|Electro Drift|p2a: Magearna
|-immune|p2a: Magearna
|move|p2a: Magearna|Shift Gear|p2a: Magearna
|-boost|p2a: Magearna|spe|2
|-boost|p2a: Magearna|atk|1
|
|-weather|Sandstorm|[upkeep]
|-damage|p1a: Miraidon|84/238|[from] Sandstorm
|upkeep
|turn|15
|inactive|Aqua has 90 seconds left.
|
|t:|1749491847
|switch|p1a: Cinccino|Cinccino, L83, F|260/260
|move|p2a: Magearna|Shift Gear|p2a: Magearna
|-boost|p2a: Magearna|spe|2
|-boost|p2a: Magearna|atk|1
|
|-weather|Sandstorm|[upkeep]
|-damage|p1a: Cinccino|244/260|[from] Sandstorm
|-fieldend|move: Electric Terrain
|upkeep
|turn|16
|inactive|Aqua has 90 seconds left.
|
|t:|1749491853
|move|p2a: Magearna|Iron Head|p1a: Cinccino
|-damage|p1a: Cinccino|67/260
|move|p1a: Cinccino|Bullet Seed|p2a: Magearna
|-supereffective|p2a: Magearna
|-damage|p2a: Magearna|202/250
|-enditem|p2a: Magearna|Weakness Policy
|-boost|p2a: Magearna|atk|2|[from] item: Weakness Policy
|-boost|p2a: Magearna|spa|2|[from] item: Weakness Policy
|-supereffective|p2a: Magearna
|-damage|p2a: Magearna|158/250
|-supereffective|p2a: Magearna
|-damage|p2a: Magearna|114/250
|-supereffective|p2a: Magearna
|-damage|p2a: Magearna|68/250
|-supereffective|p2a: Magearna
|-damage|p2a: Magearna|22/250
|-hitcount|p2a: Magearna|5
|
|-weather|none
|upkeep
|turn|17
|inactive|Aqua has 90 seconds left.
|
|t:|1749491864
|move|p2a: Magearna|Iron Head|p1a: Cinccino
|-damage|p1a: Cinccino|0 fnt
|faint|p1a: Cinccino
|-ability|p2a: Magearna|Soul-Heart|boost
|-boost|p2a: Magearna|spa|1
|
|upkeep
|
|t:|1749491867
|switch|p1a: Rayquaza|Rayquaza, L72|270/270
|-ability|p1a: Rayquaza|Air Lock
|turn|18
|
|t:|1749491872
|move|p1a: Rayquaza|Extreme Speed|p2a: Magearna
|-damage|p2a: Magearna|0 fnt
|faint|p2a: Magearna
|
|upkeep
|
|t:|1749491874
|switch|p2a: Articuno|Articuno-Galar, L84|288/288
|turn|19
|
|t:|1749491881
|switch|p1a: Iron Bundle|Iron Bundle, L77|187/213
|move|p2a: Articuno|Calm Mind|p2a: Articuno
|-boost|p2a: Articuno|spa|1
|-boost|p2a: Articuno|spd|1
|
|upkeep
|turn|20
|
|t:|1749491884
|move|p1a: Iron Bundle|Ice Beam|p2a: Articuno
|-supereffective|p2a: Articuno
|-damage|p2a: Articuno|118/288
|move|p2a: Articuno|Calm Mind|p2a: Articuno
|-boost|p2a: Articuno|spa|1
|-boost|p2a: Articuno|spd|1
|
|upkeep
|turn|21
|
|t:|1749491886
|move|p1a: Iron Bundle|Ice Beam|p2a: Articuno
|-supereffective|p2a: Articuno
|-damage|p2a: Articuno|0 fnt
|faint|p2a: Articuno
|
|win|Aqua
|raw|Aqua's rating: 2480 &rarr; <strong>2502</strong><br />(+22 for winning)
|raw|freebobby2020's rating: 2507 &rarr; <strong>2485</strong><br />(-22 for losing)
|l|☆freebobby2020
|player|p2|
