|badge|p1|gold|gen9randombattle|3-3
|uhtml|medal-msg|<div class="broadcast-blue">Curious what those medals under the avatar are? PS now has Ladder Seasons! For more information, check out the <a href="https://www.smogon.com/forums/threads/3740067/">thread on Smogon.</a></div>
|badge|p2|silver|gen9randombattle|30-3
|uhtml|medal-msg|<div class="broadcast-blue">Curious what those medals under the avatar are? PS now has Ladder Seasons! For more information, check out the <a href="https://www.smogon.com/forums/threads/3740067/">thread on Smogon.</a></div>
|raw|<div class="broadcast-blue"><strong>This battle is required to be public due to a player having a name starting with 'rl4t'.</div>
|j|☆Node
|j|☆rl4tt
|t:|1731203138
|gametype|singles
|player|p1|Node|101|2484
|player|p2|rl4tt|265|2513
|teamsize|p1|6
|teamsize|p2|6
|gen|9
|tier|[Gen 9] Random Battle
|rated|
|rule|Species Clause: Limit one of each Pokémon
|rule|HP Percentage Mod: HP is shown in percentages
|rule|Sleep Clause Mod: Limit one foe put to sleep
|rule|Illusion Level Mod: Illusion disguises the Pokémon's true level
|
|t:|1731203138
|start
|switch|p1a: Luxray|Luxray, L88, F|283/283
|switch|p2a: Pecharunt|Pecharunt, L77|262/262
|turn|1
|c|☆Node|oh?
|j| fuerza33
|
|t:|1731203151
|move|p2a: Pecharunt|Malignant Chain|p1a: Luxray
|-damage|p1a: Luxray|195/283
|-status|p1a: Luxray|tox
|-start|p1a: Luxray|confusion|[from] ability: Poison Puppeteer|[of] p2a: Pecharunt
|-activate|p1a: Luxray|confusion
|-damage|p1a: Luxray|160/283 tox|[from] confusion
|
|-damage|p1a: Luxray|143/283 tox|[from] psn
|upkeep
|turn|2
|
|t:|1731203162
|move|p2a: Pecharunt|Malignant Chain|p1a: Luxray
|-crit|p1a: Luxray
|-damage|p1a: Luxray|17/283 tox
|-activate|p1a: Luxray|confusion
|move|p1a: Luxray|Throat Chop|p2a: Pecharunt
|-supereffective|p2a: Pecharunt
|-damage|p2a: Pecharunt|110/262
|-start|p2a: Pecharunt|Throat Chop|[silent]
|-damage|p1a: Luxray|0 fnt|[from] item: Rocky Helmet|[of] p2a: Pecharunt
|faint|p1a: Luxray
|
|upkeep
|c|☆rl4tt|hf
|inactive|Battle timer is ON: inactive players will automatically lose when time's up. (requested by rl4tt)
|
|t:|1731203203
|switch|p1a: Ampharos|Ampharos, L88, F|302/302
|turn|3
|
|t:|1731203232
|switch|p2a: Zarude|Zarude-Dada, L78|292/292
|move|p1a: Ampharos|Thunderbolt|p2a: Zarude
|-resisted|p2a: Zarude
|-damage|p2a: Zarude|235/292
|
|upkeep
|turn|4
|
|t:|1731203244
|move|p2a: Zarude|U-turn|p1a: Ampharos
|-damage|p1a: Ampharos|232/302
|inactive|rl4tt has 120 seconds left.
|
|t:|1731203267
|switch|p2a: Wigglytuff|Wigglytuff, L96, M|424/424|[from] U-turn
|move|p1a: Ampharos|Focus Blast|p2a: Wigglytuff
|-damage|p2a: Wigglytuff|281/424
|
|-heal|p2a: Wigglytuff|307/424|[from] item: Leftovers
|upkeep
|turn|5
|
|t:|1731203290
|move|p1a: Ampharos|Volt Switch|p2a: Wigglytuff
|-damage|p2a: Wigglytuff|178/424
|
|t:|1731203292
|switch|p1a: Sudowoodo|Sudowoodo, L94, F|284/284|[from] Volt Switch
|move|p2a: Wigglytuff|Wish|p2a: Wigglytuff
|
|-heal|p2a: Wigglytuff|204/424|[from] item: Leftovers
|upkeep
|turn|6
|inactive|rl4tt has 120 seconds left.
|
|t:|1731203303
|move|p2a: Wigglytuff|Alluring Voice|p1a: Sudowoodo
|-damage|p1a: Sudowoodo|176/284
|move|p1a: Sudowoodo|Head Smash|p2a: Wigglytuff
|-damage|p2a: Wigglytuff|0 fnt
|faint|p2a: Wigglytuff
|
|-heal|p1a: Sudowoodo|193/284|[from] item: Leftovers
|upkeep
|inactive|rl4tt has 120 seconds left.
|
|t:|1731203311
|switch|p2a: Zarude|Zarude-Dada, L78|235/292
|turn|7
|
|t:|1731203345
|move|p2a: Zarude|Power Whip|p1a: Sudowoodo
|-supereffective|p1a: Sudowoodo
|-damage|p1a: Sudowoodo|0 fnt
|faint|p1a: Sudowoodo
|
|upkeep
|
|t:|1731203350
|switch|p1a: Heracross|Heracross, L80, M|259/259
|turn|8
|
|t:|1731203367
|switch|p2a: Tauros|Tauros-Paldea-Blaze, L81, M|254/254
|-ability|p2a: Tauros|Intimidate|boost
|-unboost|p1a: Heracross|atk|1
|move|p1a: Heracross|Trailblaze|p2a: Tauros
|-resisted|p2a: Tauros
|-damage|p2a: Tauros|242/254
|-boost|p1a: Heracross|spe|1
|
|-status|p1a: Heracross|brn|[from] item: Flame Orb
|upkeep
|turn|9
|inactive|rl4tt has 120 seconds left.
|
|t:|1731203410
|switch|p1a: Palossand|Palossand, L89, M|296/296
|move|p2a: Tauros|Flare Blitz|p1a: Palossand
|-damage|p1a: Palossand|131/296
|-damage|p2a: Tauros|188/254|[from] Recoil
|
|-heal|p1a: Palossand|149/296|[from] item: Leftovers
|upkeep
|turn|10
|inactive|Node has 120 seconds left.
|
|t:|1731203426
|-terastallize|p1a: Palossand|Water
|move|p2a: Tauros|Flare Blitz|p1a: Palossand
|-resisted|p1a: Palossand
|-damage|p1a: Palossand|73/296
|-damage|p2a: Tauros|163/254|[from] Recoil
|move|p1a: Palossand|Shore Up|p1a: Palossand
|-heal|p1a: Palossand|221/296
|
|-heal|p1a: Palossand|239/296|[from] item: Leftovers
|upkeep
|turn|11
|inactive|Node has 120 seconds left.
|
|t:|1731203446
|move|p2a: Tauros|Flare Blitz|p1a: Palossand
|-resisted|p1a: Palossand
|-crit|p1a: Palossand
|-damage|p1a: Palossand|123/296
|-damage|p2a: Tauros|125/254|[from] Recoil
|move|p1a: Palossand|Sludge Bomb|p2a: Tauros
|-damage|p2a: Tauros|43/254
|
|-heal|p1a: Palossand|141/296|[from] item: Leftovers
|upkeep
|turn|12
|
|t:|1731203452
|switch|p2a: Zarude|Zarude-Dada, L78|235/292
|move|p1a: Palossand|Shore Up|p1a: Palossand
|-heal|p1a: Palossand|289/296
|
|-heal|p1a: Palossand|296/296|[from] item: Leftovers
|upkeep
|turn|13
|
|t:|1731203463
|switch|p1a: Ampharos|Ampharos, L88, F|232/302
|move|p2a: Zarude|Power Whip|p1a: Ampharos
|-damage|p1a: Ampharos|48/302
|-status|p2a: Zarude|par|[from] ability: Static|[of] p1a: Ampharos
|
|upkeep
|turn|14
|inactive|rl4tt has 90 seconds left.
|
|t:|1731203506
|switch|p2a: Moltres|Moltres, L81|278/278
|move|p1a: Ampharos|Volt Switch|p2a: Moltres
|-supereffective|p2a: Moltres
|-damage|p2a: Moltres|68/278
|
|t:|1731203522
|switch|p1a: Braviary|Braviary-Hisui, L85, M|326/326|[from] Volt Switch
|
|upkeep
|turn|15
|inactive|rl4tt has 90 seconds left.
|
|t:|1731203550
|move|p2a: Moltres|Brave Bird|p1a: Braviary
|-damage|p1a: Braviary|179/326
|-damage|p2a: Moltres|19/278|[from] Recoil
|move|p1a: Braviary|Esper Wing|p2a: Moltres
|-damage|p2a: Moltres|0 fnt
|-boost|p1a: Braviary|spe|1
|faint|p2a: Moltres
|
|upkeep
|j| MayGGST(real)
|inactive|rl4tt has 60 seconds left.
|inactive|rl4tt has 30 seconds left.
|
|t:|1731203596
|switch|p2a: Basculin|Basculin, L86, M|261/261
|turn|16
|inactive|rl4tt has 30 seconds left.
|inactive|Node has 120 seconds left.
|l| fuerza33
|
|t:|1731203639
|move|p1a: Braviary|Hurricane|p2a: Basculin|[miss]
|-miss|p1a: Braviary|p2a: Basculin
|move|p2a: Basculin|Flip Turn|p1a: Braviary
|-damage|p1a: Braviary|25/326
|inactive|rl4tt has 30 seconds left.
|
|t:|1731203653
|switch|p2a: Pecharunt|Pecharunt, L77|110/262|[from] Flip Turn
|
|upkeep
|turn|17
|inactive|Node has 120 seconds left.
|
|t:|1731203660
|switch|p2a: Basculin|Basculin, L86, M|261/261
|move|p1a: Braviary|Hurricane|p2a: Basculin|[miss]
|-miss|p1a: Braviary|p2a: Basculin
|
|upkeep
|turn|18
|
|t:|1731203664
|switch|p1a: Palossand|Palossand, L89, M, tera:Water|296/296
|move|p2a: Basculin|Flip Turn|p1a: Palossand
|-resisted|p1a: Palossand
|-damage|p1a: Palossand|246/296
|-ability|p1a: Palossand|Water Compaction|boost
|-boost|p1a: Palossand|def|2
|
|t:|1731203679
|switch|p2a: Pecharunt|Pecharunt, L77|110/262|[from] Flip Turn
|
|-heal|p1a: Palossand|264/296|[from] item: Leftovers
|upkeep
|turn|19
|inactive|rl4tt has 30 seconds left.
|inactive|rl4tt has 20 seconds left.
|
|t:|1731203712
|-terastallize|p2a: Pecharunt|Dark
|move|p2a: Pecharunt|Recover|p2a: Pecharunt
|-heal|p2a: Pecharunt|241/262
|move|p1a: Palossand|Earth Power|p2a: Pecharunt
|-crit|p2a: Pecharunt
|-damage|p2a: Pecharunt|66/262
|
|-heal|p1a: Palossand|282/296|[from] item: Leftovers
|upkeep
|turn|20
|inactive|rl4tt has 30 seconds left this turn.
|
|t:|1731203716
|move|p2a: Pecharunt|Recover|p2a: Pecharunt
|-heal|p2a: Pecharunt|197/262
|move|p1a: Palossand|Earth Power|p2a: Pecharunt
|-damage|p2a: Pecharunt|71/262
|
|-heal|p1a: Palossand|296/296|[from] item: Leftovers
|upkeep
|turn|21
|
|t:|1731203719
|move|p2a: Pecharunt|Recover|p2a: Pecharunt
|-heal|p2a: Pecharunt|202/262
|move|p1a: Palossand|Earth Power|p2a: Pecharunt
|-damage|p2a: Pecharunt|81/262
|
|upkeep
|turn|22
|
|t:|1731203722
|move|p2a: Pecharunt|Recover|p2a: Pecharunt
|-heal|p2a: Pecharunt|212/262
|move|p1a: Palossand|Earth Power|p2a: Pecharunt
|-damage|p2a: Pecharunt|101/262
|
|upkeep
|turn|23
|
|t:|1731203725
|move|p2a: Pecharunt|Recover|p2a: Pecharunt
|-heal|p2a: Pecharunt|232/262
|move|p1a: Palossand|Earth Power|p2a: Pecharunt
|-damage|p2a: Pecharunt|117/262
|
|upkeep
|turn|24
|
|t:|1731203730
|move|p2a: Pecharunt|Parting Shot|p1a: Palossand
|-unboost|p1a: Palossand|atk|1
|-unboost|p1a: Palossand|spa|1
|
|t:|1731203732
|switch|p2a: Zarude|Zarude-Dada, L78|235/292 par|[from] Parting Shot
|move|p1a: Palossand|Earth Power|p2a: Zarude
|-resisted|p2a: Zarude
|-damage|p2a: Zarude|199/292 par
|
|upkeep
|turn|25
|
|t:|1731203752
|move|p1a: Palossand|Sludge Bomb|p2a: Zarude
|-supereffective|p2a: Zarude
|-crit|p2a: Zarude
|-damage|p2a: Zarude|0 fnt
|faint|p2a: Zarude
|
|upkeep
|
|t:|1731203754
|switch|p2a: Pecharunt|Pecharunt, L77, tera:Dark|117/262
|turn|26
|
|t:|1731203759
|switch|p1a: Heracross|Heracross, L80, M|259/259 brn
|move|p2a: Pecharunt|Recover|p2a: Pecharunt
|-heal|p2a: Pecharunt|248/262
|
|-damage|p1a: Heracross|243/259 brn|[from] brn
|upkeep
|turn|27
|
|t:|1731203763
|switch|p2a: Tauros|Tauros-Paldea-Blaze, L81, M|43/254
|-ability|p2a: Tauros|Intimidate|boost
|-unboost|p1a: Heracross|atk|1
|move|p1a: Heracross|Close Combat|p2a: Tauros
|-damage|p2a: Tauros|0 fnt
|-unboost|p1a: Heracross|def|1
|-unboost|p1a: Heracross|spd|1
|faint|p2a: Tauros
|
|-damage|p1a: Heracross|227/259 brn|[from] brn
|upkeep
|
|t:|1731203764
|switch|p2a: Basculin|Basculin, L86, M|261/261
|turn|28
|
|t:|1731203772
|switch|p1a: Ampharos|Ampharos, L88, F|48/302
|move|p2a: Basculin|Double-Edge|p1a: Ampharos
|-damage|p1a: Ampharos|0 fnt
|-status|p2a: Basculin|par|[from] ability: Static|[of] p1a: Ampharos
|faint|p1a: Ampharos
|-damage|p2a: Basculin|245/261 par|[from] Recoil
|
|upkeep
|c|☆rl4tt|gg
|-message|rl4tt forfeited.
|
|win|Node
|raw|Node's rating: 2484 &rarr; <strong>2506</strong><br />(+22 for winning)
|raw|rl4tt's rating: 2513 &rarr; <strong>2491</strong><br />(-22 for losing)
|c|☆Node|gg
|l| MayGGST(real)
|l|☆rl4tt
|player|p2|
