|badge|p1|gold|gen9randombattle|3-1
|uhtml|medal-msg|<div class="broadcast-blue">Curious what those medals under the avatar are? PS now has Ladder Seasons! For more information, check out the <a href="https://www.smogon.com/forums/threads/3740067/">thread on Smogon.</a></div>
|badge|p2|gold|gen9randombattle|3-1
|uhtml|medal-msg|<div class="broadcast-blue">Curious what those medals under the avatar are? PS now has Ladder Seasons! For more information, check out the <a href="https://www.smogon.com/forums/threads/3740067/">thread on Smogon.</a></div>
|j|☆MichaelderBeste2
|j|☆pokeblade☆101
|t:|1712684249
|gametype|singles
|player|p1|MichaelderBeste2|#rbtt7teamdarkrai|2569
|player|p2|pokeblade☆101|#rbtt7teamchiyu|2519
|teamsize|p1|6
|teamsize|p2|6
|gen|9
|tier|[Gen 9] Random Battle
|rated|
|rule|Species Clause: Limit one of each Pokémon
|rule|HP Percentage Mod: HP is shown in percentages
|rule|Sleep Clause Mod: Limit one foe put to sleep
|rule|Illusion Level Mod: Illusion disguises the Pokémon's true level
|
|t:|1712684249
|start
|switch|p1a: Breloom|Breloom, L82, F|233/233
|switch|p2a: Infernape|Infernape, L82, F|259/259
|turn|1
|c|☆MichaelderBeste2|lmao
|c|☆MichaelderBeste2|hf
|j| oaklies
|c|☆pokeblade☆101|lol
|
|t:|1712684270
|switch|p1a: Dondozo|Dondozo, L78, M|362/362
|move|p2a: Infernape|U-turn|p1a: Dondozo
|-damage|p1a: Dondozo|317/362
|
|t:|1712684278
|switch|p2a: Roaring Moon|Roaring Moon, L73|274/274|[from] U-turn
|
|-heal|p1a: Dondozo|339/362|[from] item: Leftovers
|upkeep
|turn|2
|j| gomdol2
|j| i still keep it og
|j| sadhu baba
|j| 35Q71N@!
|
|t:|1712684286
|move|p2a: Roaring Moon|Knock Off|p1a: Dondozo
|-damage|p1a: Dondozo|249/362
|-enditem|p1a: Dondozo|Leftovers|[from] move: Knock Off|[of] p2a: Roaring Moon
|move|p1a: Dondozo|Curse|p1a: Dondozo
|-unboost|p1a: Dondozo|spe|1
|-boost|p1a: Dondozo|atk|1
|-boost|p1a: Dondozo|def|1
|
|upkeep
|turn|3
|
|t:|1712684294
|-end|p2a: Roaring Moon|Protosynthesis|[silent]
|switch|p2a: Basculegion|Basculegion, L81, M|327/327
|move|p1a: Dondozo|Wave Crash|p2a: Basculegion
|-resisted|p2a: Basculegion
|-damage|p2a: Basculegion|219/327
|-damage|p1a: Dondozo|213/362|[from] Recoil
|
|upkeep
|turn|4
|
|t:|1712684300
|move|p2a: Basculegion|Shadow Ball|p1a: Dondozo
|-damage|p1a: Dondozo|91/362
|move|p1a: Dondozo|Rest|p1a: Dondozo
|-status|p1a: Dondozo|slp|[from] move: Rest
|-heal|p1a: Dondozo|362/362 slp|[silent]
|
|upkeep
|turn|5
|
|t:|1712684307
|switch|p1a: Weavile|Weavile, L79, F|240/240
|move|p2a: Basculegion|Shadow Ball|p1a: Weavile
|-resisted|p1a: Weavile
|-damage|p1a: Weavile|185/240
|
|upkeep
|turn|6
|c| i still keep it og|is this the biggest match in randbats history?
|
|t:|1712684329
|switch|p1a: Dondozo|Dondozo, L78, M|362/362 slp
|switch|p2a: Talonflame|Talonflame, L84, M|268/268
|
|upkeep
|turn|7
|
|t:|1712684333
|switch|p2a: Basculegion|Basculegion, L81, M|219/327
|cant|p1a: Dondozo|slp
|move|p1a: Dondozo|Sleep Talk|p1a: Dondozo
|move|p1a: Dondozo|Rest||[from]move: Sleep Talk|[still]
|-fail|p1a: Dondozo
|
|upkeep
|turn|8
|j|&eva
|c| sadhu baba|Its just a ladder game so ig not
|
|t:|1712684338
|move|p2a: Basculegion|Shadow Ball|p1a: Dondozo
|-damage|p1a: Dondozo|238/362 slp
|cant|p1a: Dondozo|slp
|move|p1a: Dondozo|Sleep Talk|p1a: Dondozo
|move|p1a: Dondozo|Wave Crash|p2a: Basculegion|[from]move: Sleep Talk
|-resisted|p2a: Basculegion
|-damage|p2a: Basculegion|142/327
|-damage|p1a: Dondozo|213/362 slp|[from] Recoil
|
|upkeep
|turn|9
|
|t:|1712684342
|switch|p1a: Meloetta|Meloetta, L82|298/298
|move|p2a: Basculegion|Shadow Ball|p1a: Meloetta
|-immune|p1a: Meloetta
|
|upkeep
|turn|10
|
|t:|1712684356
|move|p1a: Meloetta|Knock Off|p2a: Basculegion
|-supereffective|p2a: Basculegion
|-damage|p2a: Basculegion|0 fnt
|-enditem|p2a: Basculegion|Assault Vest|[from] move: Knock Off|[of] p1a: Meloetta
|faint|p2a: Basculegion
|-damage|p1a: Meloetta|269/298|[from] item: Life Orb
|
|upkeep
|c|☆pokeblade☆101|i forgot that existed
|
|t:|1712684370
|switch|p2a: Roaring Moon|Roaring Moon, L73|274/274
|turn|11
|j| imliluzi
|
|t:|1712684377
|switch|p1a: Breloom|Breloom, L82, F|233/233
|move|p2a: Roaring Moon|Outrage|p1a: Breloom
|-damage|p1a: Breloom|86/233
|
|upkeep
|turn|12
|
|t:|1712684381
|move|p1a: Breloom|Mach Punch|p2a: Roaring Moon
|-supereffective|p2a: Roaring Moon
|-damage|p2a: Roaring Moon|22/274
|-damage|p1a: Breloom|63/233|[from] item: Life Orb
|move|p2a: Roaring Moon|Outrage|p1a: Breloom|[from]lockedmove
|-damage|p1a: Breloom|0 fnt
|faint|p1a: Breloom
|
|upkeep
|j| NinjaDJCee
|j| Star Wheel
|
|t:|1712684387
|switch|p1a: Weavile|Weavile, L79, F|185/240
|turn|13
|
|t:|1712684400
|move|p1a: Weavile|Knock Off|p2a: Roaring Moon
|-resisted|p2a: Roaring Moon
|-crit|p2a: Roaring Moon
|-damage|p2a: Roaring Moon|0 fnt
|-enditem|p2a: Roaring Moon|Lum Berry|[from] move: Knock Off|[of] p1a: Weavile
|faint|p2a: Roaring Moon
|-end|p2a: Roaring Moon|Protosynthesis|[silent]
|
|upkeep
|
|t:|1712684402
|switch|p2a: Infernape|Infernape, L82, F|259/259
|turn|14
|
|t:|1712684405
|move|p2a: Infernape|Close Combat|p1a: Weavile
|-supereffective|p1a: Weavile
|-damage|p1a: Weavile|0 fnt
|-unboost|p2a: Infernape|def|1
|-unboost|p2a: Infernape|spd|1
|faint|p1a: Weavile
|
|upkeep
|n| 35Q71N|35q71n
|c| imliluzi|dang i accidentally join the two best people
|c| imliluzi|in gen 9 random
|
|t:|1712684438
|switch|p1a: Meloetta|Meloetta, L82|269/298
|turn|15
|
|t:|1712684461
|switch|p2a: Talonflame|Talonflame, L84, M|268/268
|move|p1a: Meloetta|Relic Song|p2a: Talonflame
|-damage|p2a: Talonflame|120/268
|-formechange|p1a: Meloetta|Meloetta-Pirouette|[msg]
|-damage|p1a: Meloetta|240/298|[from] item: Life Orb
|
|upkeep
|turn|16
|
|t:|1712684467
|switch|p1a: Dondozo|Dondozo, L78, M|213/362 slp
|move|p2a: Talonflame|Brave Bird|p1a: Dondozo
|-damage|p1a: Dondozo|122/362 slp
|-damage|p2a: Talonflame|90/268|[from] Recoil
|
|upkeep
|turn|17
|
|t:|1712684471
|switch|p2a: Komala|Komala, L89, M|260/260
|-ability|p2a: Komala|Comatose
|-curestatus|p1a: Dondozo|slp|[msg]
|move|p1a: Dondozo|Rest|p1a: Dondozo
|-status|p1a: Dondozo|slp|[from] move: Rest
|-heal|p1a: Dondozo|362/362 slp|[silent]
|
|upkeep
|turn|18
|j| Miss Galaxy Note 7
|
|t:|1712684491
|switch|p1a: Feraligatr|Feraligatr, L80, M|267/267
|move|p2a: Komala|Double-Edge|p1a: Feraligatr
|-damage|p1a: Feraligatr|44/267
|-damage|p2a: Komala|186/260|[from] Recoil
|
|upkeep
|turn|19
|
|t:|1712684506
|switch|p2a: Talonflame|Talonflame, L84, M|90/268
|move|p1a: Feraligatr|Liquidation|p2a: Talonflame
|-supereffective|p2a: Talonflame
|-damage|p2a: Talonflame|0 fnt
|faint|p2a: Talonflame
|
|upkeep
|
|t:|1712684513
|switch|p2a: Infernape|Infernape, L82, F|259/259
|turn|20
|l| imliluzi
|
|t:|1712684533
|switch|p1a: Porygon-Z|Porygon-Z, L83|277/277
|move|p2a: Infernape|Close Combat|p1a: Porygon-Z
|-supereffective|p1a: Porygon-Z
|-damage|p1a: Porygon-Z|0 fnt
|-unboost|p2a: Infernape|def|1
|-unboost|p2a: Infernape|spd|1
|faint|p1a: Porygon-Z
|
|upkeep
|
|t:|1712684535
|switch|p1a: Meloetta|Meloetta, L82|240/298
|turn|21
|j| Teres bahji
|j| huge poopoo head
|c| huge poopoo head|in
|
|t:|1712684564
|switch|p2a: Komala|Komala, L89, M|186/260
|-ability|p2a: Komala|Comatose
|move|p1a: Meloetta|Relic Song|p2a: Komala
|-damage|p2a: Komala|85/260
|-formechange|p1a: Meloetta|Meloetta-Pirouette|[msg]
|-damage|p1a: Meloetta|211/298|[from] item: Life Orb
|
|upkeep
|turn|22
|
|t:|1712684578
|move|p1a: Meloetta|Knock Off|p2a: Komala
|-crit|p2a: Komala
|-damage|p2a: Komala|0 fnt
|-enditem|p2a: Komala|Choice Band|[from] move: Knock Off|[of] p1a: Meloetta
|faint|p2a: Komala
|-damage|p1a: Meloetta|182/298|[from] item: Life Orb
|
|upkeep
|
|t:|1712684588
|switch|p2a: Infernape|Infernape, L82, F|259/259
|turn|23
|
|t:|1712684592
|-terastallize|p1a: Meloetta|Fighting
|move|p2a: Infernape|Close Combat|p1a: Meloetta
|-crit|p1a: Meloetta
|-damage|p1a: Meloetta|0 fnt
|-unboost|p2a: Infernape|def|1
|-unboost|p2a: Infernape|spd|1
|faint|p1a: Meloetta
|
|upkeep
|j| pult3bc emre mor 9
|
|t:|1712684597
|switch|p1a: Dondozo|Dondozo, L78, M|362/362 slp
|turn|24
|
|t:|1712684600
|switch|p2a: Raikou|Raikou, L81|278/278
|-ability|p2a: Raikou|Pressure
|cant|p1a: Dondozo|slp
|move|p1a: Dondozo|Sleep Talk|p1a: Dondozo
|move|p1a: Dondozo|Curse|p1a: Dondozo|[from]move: Sleep Talk
|-unboost|p1a: Dondozo|spe|1
|-boost|p1a: Dondozo|atk|1
|-boost|p1a: Dondozo|def|1
|
|upkeep
|turn|25
|c|☆MichaelderBeste2|that crit
|c|☆MichaelderBeste2|hurt
|c| pult3bc emre mor 9|neeeeeeein michi
|c|☆pokeblade☆101|i was gonna tera fighting but i didnt whoops
|c|☆pokeblade☆101|i got bailed
|c|☆MichaelderBeste2|Lvl 82 84 Atk Life Orb Tera Fighting Meloetta-Pirouette Close Combat vs. Lvl 81 84 HP / 84 Def Raikou: 278-328 (100 - 117.9%) -- guaranteed OHKO
|c|☆pokeblade☆101|only reason i didnt is cuz i thought it was always tera dark
|
|t:|1712684637
|-terastallize|p2a: Raikou|Water
|move|p2a: Raikou|Thunderbolt|p1a: Dondozo
|-supereffective|p1a: Dondozo
|-damage|p1a: Dondozo|86/362 slp
|cant|p1a: Dondozo|slp
|move|p1a: Dondozo|Sleep Talk|p1a: Dondozo
|move|p1a: Dondozo|Rest||[from]move: Sleep Talk|[still]
|-fail|p1a: Dondozo
|
|upkeep
|turn|26
|-message|MichaelderBeste2 forfeited.
|
|win|pokeblade☆101
|raw|MichaelderBeste2's rating: 2569 &rarr; <strong>2547</strong><br />(-22 for losing)
|raw|pokeblade☆101's rating: 2528 &rarr; <strong>2550</strong><br />(+22 for winning)
|l|☆MichaelderBeste2
|player|p1|
|l|&eva
|l| pult3bc emre mor 9
|l| huge poopoo head
|l| gomdol2
|l| sadhu baba
|l| 35Q71N
|l| i still keep it og
|l| Star Wheel
|l| Teres bahji
|j| bu5
