|badge|p1|gold|gen9randombattle|3-1
|html|<div class="broadcast-red"><strong>This battle is required to be public due to one or more player having a season medal.</strong><br />During the public phase, you can discuss the state of the ladder <a href="/seasondiscussion">in a special chatroom.</a></div>
|uhtml|medal-msg|<div class="broadcast-blue">Curious what those medals under the avatar are? PS now has Ladder Seasons! For more information, check out the <a href="https://www.smogon.com/forums/threads/3740067/">thread on Smogon.</a></div>
|badge|p2|gold|gen9randombattle|3-1
|uhtml|medal-msg|<div class="broadcast-blue">Curious what those medals under the avatar are? PS now has Ladder Seasons! For more information, check out the <a href="https://www.smogon.com/forums/threads/3740067/">thread on Smogon.</a></div>
|j|☆MichaelderBeste2
|j|☆drifttrick
|t:|1719791621
|gametype|singles
|player|p1|MichaelderBeste2|#scl3platoon2|2568
|player|p2|drifttrick|teamrocket|2556
|teamsize|p1|6
|teamsize|p2|6
|gen|9
|tier|[Gen 9] Random Battle
|rated|
|rule|Species Clause: Limit one of each Pokémon
|rule|HP Percentage Mod: HP is shown in percentages
|rule|Sleep Clause Mod: Limit one foe put to sleep
|rule|Illusion Level Mod: Illusion disguises the Pokémon's true level
|
|t:|1719791621
|start
|switch|p1a: Dragonite|Dragonite, L74, F|257/257
|switch|p2a: Pincurchin|Pincurchin, L99, M|255/255
|-fieldstart|move: Electric Terrain|[from] ability: Electric Surge|[of] p2a: Pincurchin
|turn|1
|inactive|Battle timer is ON: inactive players will automatically lose when time's up. (requested by drifttrick)
|c|☆drifttrick|glhf
|c|☆MichaelderBeste2|hf
|j| winter$torm
|
|t:|1719791633
|move|p1a: Dragonite|Earthquake|p2a: Pincurchin
|-supereffective|p2a: Pincurchin
|-damage|p2a: Pincurchin|147/255
|move|p2a: Pincurchin|Spikes|p1a: Dragonite
|-sidestart|p1: MichaelderBeste2|Spikes
|
|-heal|p2a: Pincurchin|162/255|[from] item: Leftovers
|upkeep
|turn|2
|
|t:|1719791643
|move|p1a: Dragonite|Dragon Dance|p1a: Dragonite
|-boost|p1a: Dragonite|atk|1
|-boost|p1a: Dragonite|spe|1
|move|p2a: Pincurchin|Discharge|p1a: Dragonite
|-damage|p1a: Dragonite|185/257
|
|-heal|p2a: Pincurchin|177/255|[from] item: Leftovers
|upkeep
|turn|3
|
|t:|1719791651
|switch|p2a: Delibird|Delibird, F|252/252
|move|p1a: Dragonite|Earthquake|p2a: Delibird
|-immune|p2a: Delibird
|
|upkeep
|turn|4
|
|t:|1719791669
|move|p2a: Delibird|Ice Shard|p1a: Dragonite
|-supereffective|p1a: Dragonite
|-damage|p1a: Dragonite|0 fnt
|faint|p1a: Dragonite
|
|upkeep
|
|t:|1719791679
|switch|p1a: Electivire|Electivire, L84, M|263/263
|-damage|p1a: Electivire|231/263|[from] Spikes
|turn|5
|j| sasha thumper
|
|t:|1719791683
|switch|p2a: Great Tusk|Great Tusk, L77|304/304
|move|p1a: Electivire|Knock Off|p2a: Great Tusk
|-resisted|p2a: Great Tusk
|-damage|p2a: Great Tusk|264/304
|-enditem|p2a: Great Tusk|Leftovers|[from] move: Knock Off|[of] p1a: Electivire
|-damage|p1a: Electivire|205/263|[from] item: Life Orb
|
|-fieldend|move: Electric Terrain
|upkeep
|turn|6
|
|t:|1719791688
|switch|p1a: Gothitelle|Gothitelle, L90, F|272/272
|-damage|p1a: Gothitelle|238/272|[from] Spikes
|move|p2a: Great Tusk|Close Combat|p1a: Gothitelle
|-resisted|p1a: Gothitelle
|-damage|p1a: Gothitelle|178/272
|-unboost|p2a: Great Tusk|def|1
|-unboost|p2a: Great Tusk|spd|1
|
|upkeep
|turn|7
|
|t:|1719791695
|move|p1a: Gothitelle|Psychic|p2a: Great Tusk
|-supereffective|p2a: Great Tusk
|-damage|p2a: Great Tusk|0 fnt
|faint|p2a: Great Tusk
|-end|p2a: Great Tusk|Protosynthesis|[silent]
|
|upkeep
|
|t:|1719791705
|switch|p2a: Darkrai|Darkrai, L76|231/231
|turn|8
|
|t:|1719791709
|switch|p1a: Passimian|Passimian, L83, F|302/302
|-damage|p1a: Passimian|265/302|[from] Spikes
|move|p2a: Darkrai|Nasty Plot|p2a: Darkrai
|-boost|p2a: Darkrai|spa|2
|
|upkeep
|turn|9
|
|t:|1719791718
|-terastallize|p2a: Darkrai|Poison
|move|p1a: Passimian|Close Combat|p2a: Darkrai
|-resisted|p2a: Darkrai
|-damage|p2a: Darkrai|148/231
|-unboost|p1a: Passimian|def|1
|-unboost|p1a: Passimian|spd|1
|move|p2a: Darkrai|Hypnosis|p1a: Passimian|[miss]
|-miss|p2a: Darkrai|p1a: Passimian
|
|upkeep
|turn|10
|
|t:|1719791727
|move|p1a: Passimian|Close Combat|p2a: Darkrai
|-resisted|p2a: Darkrai
|-damage|p2a: Darkrai|63/231
|-unboost|p1a: Passimian|def|1
|-unboost|p1a: Passimian|spd|1
|move|p2a: Darkrai|Sludge Bomb|p1a: Passimian
|-damage|p1a: Passimian|0 fnt
|faint|p1a: Passimian
|-damage|p2a: Darkrai|40/231|[from] item: Life Orb
|
|upkeep
|
|t:|1719791731
|switch|p1a: Cyclizar|Cyclizar, L83, M|252/252
|turn|11
|
|t:|1719791734
|move|p1a: Cyclizar|Rapid Spin|p2a: Darkrai
|-damage|p2a: Darkrai|0 fnt
|-boost|p1a: Cyclizar|spe|1
|-sideend|p1: MichaelderBeste2|Spikes|[from] move: Rapid Spin|[of] p1a: Cyclizar
|faint|p2a: Darkrai
|
|upkeep
|j| paysa
|
|t:|1719791738
|switch|p2a: Delibird|Delibird, F|252/252
|turn|12
|
|t:|1719791743
|move|p1a: Cyclizar|Shed Tail|p1a: Cyclizar
|-start|p1a: Cyclizar|Substitute|[from] move: Shed Tail
|-damage|p1a: Cyclizar|126/252
|
|t:|1719791749
|switch|p1a: Electivire|Electivire, L84, M|205/263|[from] Shed Tail
|move|p2a: Delibird|Ice Spinner|p1a: Electivire
|-end|p1a: Electivire|Substitute
|
|upkeep
|turn|13
|
|t:|1719791754
|switch|p2a: Latias|Latias, L79, F|256/256
|move|p1a: Electivire|Supercell Slam|p2a: Latias
|-resisted|p2a: Latias
|-damage|p2a: Latias|174/256
|-damage|p1a: Electivire|179/263|[from] item: Life Orb
|
|upkeep
|turn|14
|
|t:|1719791759
|switch|p1a: Gothitelle|Gothitelle, L90, F|178/272
|move|p2a: Latias|Draco Meteor|p1a: Gothitelle
|-damage|p1a: Gothitelle|57/272
|-unboost|p2a: Latias|spa|2
|
|upkeep
|turn|15
|
|t:|1719791770
|move|p1a: Gothitelle|Dark Pulse|p2a: Latias
|-supereffective|p2a: Latias
|-damage|p2a: Latias|74/256
|move|p2a: Latias|Draco Meteor|p1a: Gothitelle
|-damage|p1a: Gothitelle|0 fnt
|-unboost|p2a: Latias|spa|2
|faint|p1a: Gothitelle
|
|upkeep
|
|t:|1719791773
|switch|p1a: Cyclizar|Cyclizar, L83, M|210/252
|turn|16
|
|t:|1719791778
|switch|p2a: Oinkologne|Oinkologne-F, L92, F|361/361
|move|p1a: Cyclizar|Knock Off|p2a: Oinkologne
|-damage|p2a: Oinkologne|285/361
|-enditem|p2a: Oinkologne|Leftovers|[from] move: Knock Off|[of] p1a: Cyclizar
|
|upkeep
|turn|17
|
|t:|1719791786
|move|p1a: Cyclizar|Shed Tail|p1a: Cyclizar
|-start|p1a: Cyclizar|Substitute|[from] move: Shed Tail
|-damage|p1a: Cyclizar|84/252
|
|t:|1719791788
|switch|p1a: Sinistcha|Sinistcha, L83|254/254|[from] Shed Tail
|move|p2a: Oinkologne|Double-Edge|p1a: Sinistcha
|-immune|p1a: Sinistcha
|
|upkeep
|turn|18
|
|t:|1719791792
|move|p2a: Oinkologne|Lash Out|p1a: Sinistcha
|-supereffective|p1a: Sinistcha
|-end|p1a: Sinistcha|Substitute
|move|p1a: Sinistcha|Calm Mind|p1a: Sinistcha
|-boost|p1a: Sinistcha|spa|1
|-boost|p1a: Sinistcha|spd|1
|
|upkeep
|turn|19
|j|+pokeblade☆101
|c|+pokeblade☆101|...
|j| Miss Galaxy Note 7
|c|+pokeblade☆101|i guess this is the game that determines who is getting first in this season
|inactive|drifttrick has 120 seconds left.
|c| paysa|season finale
|c|☆MichaelderBeste2|well
|c| sasha thumper|if they finish it
|
|t:|1719791834
|move|p2a: Oinkologne|Curse|p2a: Oinkologne
|-unboost|p2a: Oinkologne|spe|1
|-boost|p2a: Oinkologne|atk|1
|-boost|p2a: Oinkologne|def|1
|move|p1a: Sinistcha|Matcha Gotcha|p2a: Oinkologne
|-damage|p2a: Oinkologne|159/361
|-status|p2a: Oinkologne|brn
|
|-damage|p2a: Oinkologne|137/361 brn|[from] brn
|upkeep
|turn|20
|
|t:|1719791843
|move|p1a: Sinistcha|Calm Mind|p1a: Sinistcha
|-boost|p1a: Sinistcha|spa|1
|-boost|p1a: Sinistcha|spd|1
|move|p2a: Oinkologne|Lash Out|p1a: Sinistcha
|-supereffective|p1a: Sinistcha
|-damage|p1a: Sinistcha|181/254
|
|-heal|p1a: Sinistcha|196/254|[from] item: Leftovers
|-damage|p2a: Oinkologne|115/361 brn|[from] brn
|upkeep
|turn|21
|j| latias999999999
|
|t:|1719791849
|move|p1a: Sinistcha|Matcha Gotcha|p2a: Oinkologne
|-damage|p2a: Oinkologne|0 fnt
|-heal|p1a: Sinistcha|254/254|[from] drain|[of] p2a: Oinkologne
|faint|p2a: Oinkologne
|
|upkeep
|inactive|drifttrick has 120 seconds left.
|
|t:|1719791881
|switch|p2a: Pincurchin|Pincurchin, L99, M|177/255
|-fieldstart|move: Electric Terrain|[from] ability: Electric Surge|[of] p2a: Pincurchin
|turn|22
|
|t:|1719791893
|move|p1a: Sinistcha|Calm Mind|p1a: Sinistcha
|-boost|p1a: Sinistcha|spa|1
|-boost|p1a: Sinistcha|spd|1
|move|p2a: Pincurchin|Discharge|p1a: Sinistcha
|-resisted|p1a: Sinistcha
|-damage|p1a: Sinistcha|222/254
|-status|p1a: Sinistcha|par
|
|-heal|p2a: Pincurchin|192/255|[from] item: Leftovers
|-heal|p1a: Sinistcha|237/254 par|[from] item: Leftovers
|upkeep
|turn|23
|j| John Dozo
|c| John Dozo|no way
|
|t:|1719791904
|switch|p2a: Latias|Latias, L79, F|74/256
|move|p1a: Sinistcha|Shadow Ball|p2a: Latias
|-supereffective|p2a: Latias
|-damage|p2a: Latias|0 fnt
|faint|p2a: Latias
|
|-heal|p1a: Sinistcha|252/254 par|[from] item: Leftovers
|upkeep
|
|t:|1719791906
|switch|p2a: Delibird|Delibird, F|252/252
|turn|24
|
|t:|1719791914
|-terastallize|p1a: Sinistcha|Steel
|move|p2a: Delibird|Drill Run|p1a: Sinistcha
|-supereffective|p1a: Sinistcha
|-damage|p1a: Sinistcha|106/254 par
|cant|p1a: Sinistcha|par
|
|-heal|p1a: Sinistcha|121/254 par|[from] item: Leftovers
|upkeep
|turn|25
|c| paysa|oh
|
|t:|1719791922
|move|p2a: Delibird|Drill Run|p1a: Sinistcha
|-supereffective|p1a: Sinistcha
|-damage|p1a: Sinistcha|0 fnt
|faint|p1a: Sinistcha
|
|upkeep
|c|☆drifttrick|mb
|
|t:|1719791924
|switch|p1a: Electivire|Electivire, L84, M|179/263
|turn|26
|
|t:|1719791945
|switch|p2a: Pincurchin|Pincurchin, L99, M|192/255
|move|p1a: Electivire|Supercell Slam|p2a: Pincurchin
|-resisted|p2a: Pincurchin
|-damage|p2a: Pincurchin|98/255
|-damage|p1a: Electivire|153/263|[from] item: Life Orb
|
|-heal|p2a: Pincurchin|113/255|[from] item: Leftovers
|-fieldend|move: Electric Terrain
|upkeep
|turn|27
|
|t:|1719791957
|switch|p1a: Cyclizar|Cyclizar, L83, M|168/252
|move|p2a: Pincurchin|Recover|p2a: Pincurchin
|-heal|p2a: Pincurchin|241/255
|
|-heal|p2a: Pincurchin|255/255|[from] item: Leftovers
|upkeep
|turn|28
|j| snorlax142857
|
|t:|1719791961
|move|p1a: Cyclizar|Knock Off|p2a: Pincurchin
|-damage|p2a: Pincurchin|197/255
|-enditem|p2a: Pincurchin|Leftovers|[from] move: Knock Off|[of] p1a: Cyclizar
|move|p2a: Pincurchin|Discharge|p1a: Cyclizar
|-resisted|p1a: Cyclizar
|-damage|p1a: Cyclizar|94/252
|
|upkeep
|turn|29
|
|t:|1719791967
|move|p1a: Cyclizar|Draco Meteor|p2a: Pincurchin|[miss]
|-miss|p1a: Cyclizar|p2a: Pincurchin
|move|p2a: Pincurchin|Scald|p1a: Cyclizar
|-resisted|p1a: Cyclizar
|-damage|p1a: Cyclizar|46/252
|
|upkeep
|turn|30
|
|t:|1719791972
|move|p1a: Cyclizar|Draco Meteor|p2a: Pincurchin|[miss]
|-miss|p1a: Cyclizar|p2a: Pincurchin
|move|p2a: Pincurchin|Recover|p2a: Pincurchin
|-heal|p2a: Pincurchin|255/255
|
|upkeep
|turn|31
|
|t:|1719791974
|move|p1a: Cyclizar|Draco Meteor|p2a: Pincurchin
|-damage|p2a: Pincurchin|140/255
|-unboost|p1a: Cyclizar|spa|2
|move|p2a: Pincurchin|Scald|p1a: Cyclizar
|-resisted|p1a: Cyclizar
|-crit|p1a: Cyclizar
|-damage|p1a: Cyclizar|0 fnt
|faint|p1a: Cyclizar
|
|upkeep
|
|t:|1719791982
|switch|p1a: Electivire|Electivire, L84, M|153/263
|turn|32
|
|t:|1719791991
|move|p1a: Electivire|Ice Punch|p2a: Pincurchin
|-damage|p2a: Pincurchin|69/255
|-damage|p1a: Electivire|127/263|[from] item: Life Orb
|move|p2a: Pincurchin|Scald|p1a: Electivire
|-damage|p1a: Electivire|45/263
|-status|p1a: Electivire|brn
|
|-damage|p1a: Electivire|29/263 brn|[from] brn
|upkeep
|turn|33
|c|☆MichaelderBeste2|yea lmao
|c|☆drifttrick|gg
|c| John Dozo|holy
|c|☆drifttrick|it wont update anyways
|c|☆drifttrick|but i didnt deserve the win
|c| sasha thumper|that cyclizar simply did not want it bad enough
|inactive|MichaelderBeste2 has 120 seconds left.
|l| Miss Galaxy Note 7
|j| hammy358
|j| broke his crown
|l| winter$torm
|c|☆drifttrick|i mean you easily couldve taken a long time on every turn anyways
|inactive|MichaelderBeste2 has 90 seconds left.
|inactive|MichaelderBeste2 has 60 seconds left.
|c|+pokeblade☆101|wow
|c|+pokeblade☆101|thats so crazy that drifttrick won this LOL
|c| broke his crown|good on you drifttrick
|inactive|MichaelderBeste2 has 30 seconds left.
|c|☆drifttrick|in my defense i was just literally clicking random moves for time purposes
|inactive|MichaelderBeste2 has 20 seconds left.
|inactive|MichaelderBeste2 has 15 seconds left.
|c|☆drifttrick|so it wasnt the greatest game anyways
|c|☆MichaelderBeste2|gg
|inactive|MichaelderBeste2 has 10 seconds left.
|c| paysa|the discharge play was the only line to winning tbh
|inactive|MichaelderBeste2 has 5 seconds left.
|c| John Dozo|gg guys
|
|t:|1719792140
|move|p1a: Electivire|Flamethrower|p2a: Pincurchin
|-damage|p2a: Pincurchin|3/255
|-damage|p1a: Electivire|3/263 brn|[from] item: Life Orb
|move|p2a: Pincurchin|Scald|p1a: Electivire
|-damage|p1a: Electivire|0 fnt
|faint|p1a: Electivire
|
|win|drifttrick
|inactive|MichaelderBeste2 has 10 seconds left this turn.
|raw|MichaelderBeste2's rating: 2568 &rarr; <strong>2547</strong><br />(-21 for losing)
|raw|drifttrick's rating: 2556 &rarr; <strong>2577</strong><br />(+21 for winning)
|c| John Dozo|insane finale
|c| sasha thumper|gz yall
|l|☆drifttrick
|player|p2|
