|badge|p1|silver|gen9randombattle|30-3
|uhtml|medal-msg|<div class="broadcast-blue">Curious what those medals under the avatar are? PS now has Ladder Seasons! For more information, check out the <a href="https://www.smogon.com/forums/threads/3740067/">thread on Smogon.</a></div>
|badge|p2|gold|gen9randombattle|3-3
|uhtml|medal-msg|<div class="broadcast-blue">Curious what those medals under the avatar are? PS now has Ladder Seasons! For more information, check out the <a href="https://www.smogon.com/forums/threads/3740067/">thread on Smogon.</a></div>
|j|☆samuelayers
|j|☆MichaelderBeste2
|t:|1732712650
|gametype|singles
|player|p1|samuelayers|gentleman-gen4dp|2461
|player|p2|MichaelderBeste2|#scl4islanders|2508
|teamsize|p1|6
|teamsize|p2|6
|gen|9
|tier|[Gen 9] Random Battle
|rated|
|rule|Species Clause: Limit one of each Pokémon
|rule|HP Percentage Mod: HP is shown in percentages
|rule|Sleep Clause Mod: Limit one foe put to sleep
|rule|Illusion Level Mod: Illusion disguises the Pokémon's true level
|
|t:|1732712650
|start
|switch|p1a: Mabosstiff|Mabosstiff, L86, M|278/278
|switch|p2a: Gholdengo|Gholdengo, L77|261/261
|turn|1
|inactive|Battle timer is ON: inactive players will automatically lose when time's up. (requested by samuelayers)
|
|t:|1732712664
|switch|p2a: Forretress|Forretress, L84, F|263/263
|move|p1a: Mabosstiff|Crunch|p2a: Forretress
|-damage|p2a: Forretress|62/263
|
|-heal|p2a: Forretress|78/263|[from] item: Leftovers
|upkeep
|turn|2
|
|t:|1732712670
|move|p1a: Mabosstiff|Crunch|p2a: Forretress
|-damage|p2a: Forretress|0 fnt
|faint|p2a: Forretress
|
|upkeep
|
|t:|1732712676
|switch|p2a: Politoed|Politoed, L88, F|302/302
|-weather|RainDance|[from] ability: Drizzle|[of] p2a: Politoed
|turn|3
|
|t:|1732712679
|switch|p1a: Gastrodon|Gastrodon, L86, F|331/331
|move|p2a: Politoed|Weather Ball|p1a: Gastrodon
|-ability|p1a: Gastrodon|Storm Drain|boost
|-boost|p1a: Gastrodon|spa|1
|
|-weather|RainDance|[upkeep]
|upkeep
|turn|4
|
|t:|1732712683
|switch|p2a: Brambleghast|Brambleghast, L88, M|240/240
|move|p1a: Gastrodon|Stealth Rock|p2a: Brambleghast
|-sidestart|p2: MichaelderBeste2|move: Stealth Rock
|
|-weather|RainDance|[upkeep]
|upkeep
|turn|5
|
|t:|1732712697
|-terastallize|p1a: Gastrodon|Poison
|move|p2a: Brambleghast|Spikes|p1a: Gastrodon
|-sidestart|p1: samuelayers|Spikes
|move|p1a: Gastrodon|Surf|p2a: Brambleghast
|-resisted|p2a: Brambleghast
|-damage|p2a: Brambleghast|108/240
|
|-weather|RainDance|[upkeep]
|-heal|p2a: Brambleghast|123/240|[from] item: Leftovers
|upkeep
|turn|6
|
|t:|1732712705
|move|p2a: Brambleghast|Strength Sap|p1a: Gastrodon
|-unboost|p1a: Gastrodon|atk|1
|-heal|p2a: Brambleghast|240/240
|move|p1a: Gastrodon|Surf|p2a: Brambleghast
|-resisted|p2a: Brambleghast
|-damage|p2a: Brambleghast|123/240
|
|-weather|RainDance|[upkeep]
|-heal|p2a: Brambleghast|138/240|[from] item: Leftovers
|upkeep
|turn|7
|
|t:|1732712713
|move|p2a: Brambleghast|Poltergeist|p1a: Gastrodon
|-activate|p1a: Gastrodon|move: Poltergeist|Leftovers
|-damage|p1a: Gastrodon|147/331
|move|p1a: Gastrodon|Surf|p2a: Brambleghast
|-resisted|p2a: Brambleghast
|-damage|p2a: Brambleghast|24/240
|
|-weather|none
|-heal|p2a: Brambleghast|39/240|[from] item: Leftovers
|-heal|p1a: Gastrodon|167/331|[from] item: Leftovers
|upkeep
|turn|8
|
|t:|1732712718
|move|p2a: Brambleghast|Poltergeist|p1a: Gastrodon
|-activate|p1a: Gastrodon|move: Poltergeist|Leftovers
|-damage|p1a: Gastrodon|0 fnt
|faint|p1a: Gastrodon
|
|-heal|p2a: Brambleghast|54/240|[from] item: Leftovers
|upkeep
|
|t:|1732712719
|switch|p1a: Mabosstiff|Mabosstiff, L86, M|278/278
|-damage|p1a: Mabosstiff|244/278|[from] Spikes
|turn|9
|
|t:|1732712722
|move|p2a: Brambleghast|Power Whip|p1a: Mabosstiff
|-damage|p1a: Mabosstiff|97/278
|move|p1a: Mabosstiff|Crunch|p2a: Brambleghast
|-supereffective|p2a: Brambleghast
|-damage|p2a: Brambleghast|0 fnt
|faint|p2a: Brambleghast
|
|upkeep
|
|t:|1732712727
|switch|p2a: Electivire|Electivire, L84, F|263/263
|-damage|p2a: Electivire|231/263|[from] Stealth Rock
|turn|10
|
|t:|1732712730
|switch|p1a: Jolteon|Jolteon, L84, F|246/246
|-damage|p1a: Jolteon|216/246|[from] Spikes
|move|p2a: Electivire|Flamethrower|p1a: Jolteon
|-damage|p1a: Jolteon|139/246
|-damage|p2a: Electivire|205/263|[from] item: Life Orb
|
|-heal|p1a: Jolteon|154/246|[from] item: Leftovers
|upkeep
|turn|11
|
|t:|1732712736
|move|p1a: Jolteon|Substitute|p1a: Jolteon
|-start|p1a: Jolteon|Substitute
|-damage|p1a: Jolteon|93/246
|move|p2a: Electivire|Ice Punch|p1a: Jolteon
|-end|p1a: Jolteon|Substitute
|-damage|p2a: Electivire|179/263|[from] item: Life Orb
|
|-heal|p1a: Jolteon|108/246|[from] item: Leftovers
|upkeep
|turn|12
|
|t:|1732712738
|switch|p1a: Sunflora|Sunflora, F|312/312
|-damage|p1a: Sunflora|273/312|[from] Spikes
|move|p2a: Electivire|Ice Punch|p1a: Sunflora
|-supereffective|p1a: Sunflora
|-damage|p1a: Sunflora|86/312
|-damage|p2a: Electivire|153/263|[from] item: Life Orb
|
|upkeep
|turn|13
|
|t:|1732712742
|move|p2a: Electivire|Flamethrower|p1a: Sunflora
|-supereffective|p1a: Sunflora
|-damage|p1a: Sunflora|0 fnt
|faint|p1a: Sunflora
|-damage|p2a: Electivire|127/263|[from] item: Life Orb
|
|upkeep
|
|t:|1732712748
|switch|p1a: Cinderace|Cinderace, L77, M|249/249
|-damage|p1a: Cinderace|218/249|[from] Spikes
|turn|14
|j| traxler counter
|
|t:|1732712755
|switch|p2a: Gholdengo|Gholdengo, L77|261/261
|-damage|p2a: Gholdengo|245/261|[from] Stealth Rock
|move|p1a: Cinderace|U-turn|p2a: Gholdengo
|-start|p1a: Cinderace|typechange|Bug|[from] ability: Libero
|-resisted|p2a: Gholdengo
|-damage|p2a: Gholdengo|218/261
|
|t:|1732712758
|switch|p1a: Mabosstiff|Mabosstiff, L86, M|97/278|[from] U-turn
|-damage|p1a: Mabosstiff|63/278|[from] Spikes
|
|-heal|p2a: Gholdengo|234/261|[from] item: Leftovers
|upkeep
|turn|15
|
|t:|1732712764
|switch|p2a: Electivire|Electivire, L84, F|127/263
|-damage|p2a: Electivire|95/263|[from] Stealth Rock
|move|p1a: Mabosstiff|Crunch|p2a: Electivire
|-damage|p2a: Electivire|0 fnt
|faint|p2a: Electivire
|
|upkeep
|
|t:|1732712765
|switch|p2a: Crawdaunt|Crawdaunt, L84, F|243/243
|-damage|p2a: Crawdaunt|213/243|[from] Stealth Rock
|turn|16
|
|t:|1732712781
|move|p1a: Mabosstiff|Crunch|p2a: Crawdaunt
|-resisted|p2a: Crawdaunt
|-damage|p2a: Crawdaunt|127/243
|-unboost|p2a: Crawdaunt|def|1
|move|p2a: Crawdaunt|Dragon Dance|p2a: Crawdaunt
|-boost|p2a: Crawdaunt|atk|1
|-boost|p2a: Crawdaunt|spe|1
|
|upkeep
|turn|17
|
|t:|1732712786
|move|p2a: Crawdaunt|Knock Off|p1a: Mabosstiff
|-resisted|p1a: Mabosstiff
|-damage|p1a: Mabosstiff|0 fnt
|-enditem|p1a: Mabosstiff|Choice Band|[from] move: Knock Off|[of] p2a: Crawdaunt
|faint|p1a: Mabosstiff
|-damage|p2a: Crawdaunt|103/243|[from] item: Life Orb
|
|upkeep
|
|t:|1732712792
|switch|p1a: Samurott|Samurott-Hisui, L77, M|265/265
|-damage|p1a: Samurott|232/265|[from] Spikes
|turn|18
|inactive|MichaelderBeste2 has 120 seconds left.
|
|t:|1732712841
|move|p2a: Crawdaunt|Knock Off|p1a: Samurott
|-resisted|p1a: Samurott
|-damage|p1a: Samurott|33/265
|-enditem|p1a: Samurott|Choice Band|[from] move: Knock Off|[of] p2a: Crawdaunt
|-damage|p2a: Crawdaunt|79/243|[from] item: Life Orb
|move|p1a: Samurott|Razor Shell|p2a: Crawdaunt
|-resisted|p2a: Crawdaunt
|-damage|p2a: Crawdaunt|0 fnt
|faint|p2a: Crawdaunt
|
|upkeep
|
|t:|1732712853
|switch|p2a: Politoed|Politoed, L88, F|302/302
|-damage|p2a: Politoed|265/302|[from] Stealth Rock
|-weather|RainDance|[from] ability: Drizzle|[of] p2a: Politoed
|turn|19
|
|t:|1732712866
|move|p1a: Samurott|Ceaseless Edge|p2a: Politoed
|-damage|p2a: Politoed|159/302
|-sidestart|p2: MichaelderBeste2|Spikes
|move|p2a: Politoed|Weather Ball|p1a: Samurott
|-resisted|p1a: Samurott
|-damage|p1a: Samurott|0 fnt
|faint|p1a: Samurott
|
|-weather|RainDance|[upkeep]
|upkeep
|
|t:|1732712875
|switch|p1a: Jolteon|Jolteon, L84, F|108/246
|-damage|p1a: Jolteon|78/246|[from] Spikes
|turn|20
|
|t:|1732712877
|move|p1a: Jolteon|Thunderbolt|p2a: Politoed
|-supereffective|p2a: Politoed
|-damage|p2a: Politoed|0 fnt
|faint|p2a: Politoed
|
|-weather|RainDance|[upkeep]
|-heal|p1a: Jolteon|93/246|[from] item: Leftovers
|upkeep
|
|t:|1732712879
|switch|p2a: Gholdengo|Gholdengo, L77|234/261
|-damage|p2a: Gholdengo|218/261|[from] Stealth Rock
|-damage|p2a: Gholdengo|186/261|[from] Spikes
|turn|21
|inactive|MichaelderBeste2 has 120 seconds left.
|
|t:|1732712897
|move|p1a: Jolteon|Calm Mind|p1a: Jolteon
|-boost|p1a: Jolteon|spa|1
|-boost|p1a: Jolteon|spd|1
|move|p2a: Gholdengo|Shadow Ball|p1a: Jolteon
|-damage|p1a: Jolteon|30/246
|
|-weather|RainDance|[upkeep]
|-heal|p1a: Jolteon|45/246|[from] item: Leftovers
|-heal|p2a: Gholdengo|202/261|[from] item: Leftovers
|upkeep
|turn|22
|
|t:|1732712901
|move|p1a: Jolteon|Thunderbolt|p2a: Gholdengo
|-damage|p2a: Gholdengo|25/261
|move|p2a: Gholdengo|Shadow Ball|p1a: Jolteon
|-damage|p1a: Jolteon|0 fnt
|faint|p1a: Jolteon
|
|-weather|RainDance|[upkeep]
|-heal|p2a: Gholdengo|41/261|[from] item: Leftovers
|upkeep
|
|t:|1732712904
|switch|p1a: Cinderace|Cinderace, L77, M|218/249
|-damage|p1a: Cinderace|187/249|[from] Spikes
|turn|23
|
|t:|1732712907
|-terastallize|p2a: Gholdengo|Water
|move|p1a: Cinderace|Pyro Ball|p2a: Gholdengo
|-resisted|p2a: Gholdengo
|-damage|p2a: Gholdengo|0 fnt
|faint|p2a: Gholdengo
|
|win|samuelayers
|raw|samuelayers's rating: 2461 &rarr; <strong>2484</strong><br />(+23 for winning)
|raw|MichaelderBeste2's rating: 2508 &rarr; <strong>2485</strong><br />(-23 for losing)
|l|☆MichaelderBeste2
|player|p2|
|l| traxler counter
