|badge|p1|silver|gen9randombattle|30-1
|uhtml|medal-msg|<div class="broadcast-blue">Curious what those medals under the avatar are? PS now has Ladder Seasons! For more information, check out the <a href="https://www.smogon.com/forums/threads/3740067/">thread on Smogon.</a></div>
|badge|p2|silver|gen9randombattle|30-1
|uhtml|medal-msg|<div class="broadcast-blue">Curious what those medals under the avatar are? PS now has Ladder Seasons! For more information, check out the <a href="https://www.smogon.com/forums/threads/3740067/">thread on Smogon.</a></div>
|j|☆pokeblade☆101
|j|☆Lucius Artor
|t:|1713922055
|gametype|singles
|player|p1|pokeblade☆101|#rbtt7teamchiyu|2488
|player|p2|Lucius Artor|sonia-masters|2548
|teamsize|p1|6
|teamsize|p2|6
|gen|9
|tier|[Gen 9] Random Battle
|rated|
|rule|Species Clause: Limit one of each Pokémon
|rule|HP Percentage Mod: HP is shown in percentages
|rule|Sleep Clause Mod: Limit one foe put to sleep
|rule|Illusion Level Mod: Illusion disguises the Pokémon's true level
|
|t:|1713922055
|start
|switch|p1a: Deoxys|Deoxys-Defense, L86|226/226
|switch|p2a: Iron Jugulis|Iron Jugulis, L78|275/275
|-ability|p1a: Deoxys|Pressure
|turn|1
|inactive|Battle timer is ON: inactive players will automatically lose when time's up. (requested by Lucius Artor)
|j| GoldenBoot04
|
|t:|1713922071
|switch|p1a: Beartic|Beartic, L90, F|317/317
|move|p2a: Iron Jugulis|U-turn|p1a: Beartic
|-damage|p1a: Beartic|278/317
|j| khhjm
|
|t:|1713922081
|-end|p2a: Iron Jugulis|Quark Drive|[silent]
|switch|p2a: Abomasnow|Abomasnow, L85, M|291/291|[from] U-turn
|-weather|Snow|[from] ability: Snow Warning|[of] p2a: Abomasnow
|
|-weather|Snow|[upkeep]
|upkeep
|turn|2
|j|+Aqua
|
|t:|1713922089
|move|p1a: Beartic|Icicle Crash|p2a: Abomasnow
|-damage|p2a: Abomasnow|197/291
|move|p2a: Abomasnow|Aurora Veil|p2a: Abomasnow
|-sidestart|p2: Lucius Artor|move: Aurora Veil
|
|-weather|Snow|[upkeep]
|upkeep
|turn|3
|j| XAyuki
|inactive|Lucius Artor has 120 seconds left.
|
|t:|1713922127
|move|p1a: Beartic|Swords Dance|p1a: Beartic
|-boost|p1a: Beartic|atk|2
|move|p2a: Abomasnow|Wood Hammer|p1a: Beartic
|-damage|p1a: Beartic|196/317
|-damage|p2a: Abomasnow|170/291|[from] Recoil
|
|-weather|Snow|[upkeep]
|upkeep
|turn|4
|inactive|Lucius Artor has 120 seconds left.
|
|t:|1713922135
|move|p1a: Beartic|Icicle Crash|p2a: Abomasnow
|-damage|p2a: Abomasnow|77/291
|move|p2a: Abomasnow|Wood Hammer|p1a: Beartic
|-damage|p1a: Beartic|109/317
|-damage|p2a: Abomasnow|48/291|[from] Recoil
|
|-weather|Snow|[upkeep]
|upkeep
|turn|5
|
|t:|1713922141
|move|p2a: Abomasnow|Ice Shard|p1a: Beartic
|-resisted|p1a: Beartic
|-damage|p1a: Beartic|94/317
|move|p1a: Beartic|Icicle Crash|p2a: Abomasnow
|-damage|p2a: Abomasnow|0 fnt
|faint|p2a: Abomasnow
|
|-weather|none
|upkeep
|
|t:|1713922145
|switch|p2a: Iron Jugulis|Iron Jugulis, L78|275/275
|turn|6
|
|t:|1713922150
|move|p1a: Beartic|Aqua Jet|p2a: Iron Jugulis
|-damage|p2a: Iron Jugulis|227/275
|move|p2a: Iron Jugulis|Dark Pulse|p1a: Beartic
|-damage|p1a: Beartic|0 fnt
|faint|p1a: Beartic
|
|upkeep
|
|t:|1713922163
|switch|p1a: Heracross|Heracross, L80, F|259/259
|turn|7
|
|t:|1713922168
|-end|p2a: Iron Jugulis|Quark Drive|[silent]
|switch|p2a: Comfey|Comfey, L85, M|225/225
|move|p1a: Heracross|Close Combat|p2a: Comfey
|-resisted|p2a: Comfey
|-damage|p2a: Comfey|190/225
|-unboost|p1a: Heracross|def|1
|-unboost|p1a: Heracross|spd|1
|
|-heal|p2a: Comfey|204/225|[from] item: Leftovers
|upkeep
|turn|8
|j| Shaky3
|
|t:|1713922181
|switch|p1a: Deoxys|Deoxys-Defense, L86|226/226
|-ability|p1a: Deoxys|Pressure
|move|p2a: Comfey|Calm Mind|p2a: Comfey
|-boost|p2a: Comfey|spa|1
|-boost|p2a: Comfey|spd|1
|
|-heal|p2a: Comfey|218/225|[from] item: Leftovers
|upkeep
|turn|9
|
|t:|1713922187
|switch|p2a: Iron Jugulis|Iron Jugulis, L78|227/275
|move|p1a: Deoxys|Calm Mind|p1a: Deoxys
|-boost|p1a: Deoxys|spa|1
|-boost|p1a: Deoxys|spd|1
|
|-sideend|p2: Lucius Artor|move: Aurora Veil
|upkeep
|turn|10
|
|t:|1713922197
|move|p2a: Iron Jugulis|Dark Pulse|p1a: Deoxys
|-supereffective|p1a: Deoxys
|-damage|p1a: Deoxys|116/226
|move|p1a: Deoxys|Recover|p1a: Deoxys
|-heal|p1a: Deoxys|226/226
|
|upkeep
|turn|11
|
|t:|1713922205
|switch|p1a: Heracross|Heracross, L80, F|259/259
|-terastallize|p2a: Iron Jugulis|Dark
|move|p2a: Iron Jugulis|Dark Pulse|p1a: Heracross
|-resisted|p1a: Heracross
|-damage|p1a: Heracross|172/259
|
|upkeep
|turn|12
|
|t:|1713922214
|-end|p2a: Iron Jugulis|Quark Drive|[silent]
|switch|p2a: Comfey|Comfey, L85, M|218/225
|move|p1a: Heracross|Close Combat|p2a: Comfey
|-resisted|p2a: Comfey
|-damage|p2a: Comfey|144/225
|-unboost|p1a: Heracross|def|1
|-unboost|p1a: Heracross|spd|1
|
|-heal|p2a: Comfey|158/225|[from] item: Leftovers
|upkeep
|turn|13
|
|t:|1713922228
|move|p2a: Comfey|Draining Kiss|p1a: Heracross
|-supereffective|p1a: Heracross
|-damage|p1a: Heracross|28/259
|-heal|p2a: Comfey|225/225|[from] drain|[of] p1a: Heracross
|move|p1a: Heracross|Close Combat|p2a: Comfey
|-resisted|p2a: Comfey
|-damage|p2a: Comfey|153/225
|-unboost|p1a: Heracross|def|1
|-unboost|p1a: Heracross|spd|1
|
|-heal|p2a: Comfey|167/225|[from] item: Leftovers
|upkeep
|turn|14
|
|t:|1713922233
|switch|p1a: Deoxys|Deoxys-Defense, L86|226/226
|-ability|p1a: Deoxys|Pressure
|switch|p2a: Iron Jugulis|Iron Jugulis, L78, tera:Dark|227/275
|
|upkeep
|turn|15
|
|t:|1713922244
|switch|p1a: Gogoat|Gogoat, L88, M|360/360
|move|p2a: Iron Jugulis|Dark Pulse|p1a: Gogoat
|-damage|p1a: Gogoat|176/360
|
|-heal|p1a: Gogoat|198/360|[from] item: Leftovers
|upkeep
|turn|16
|
|t:|1713922261
|-end|p2a: Iron Jugulis|Quark Drive|[silent]
|switch|p2a: Cinccino|Cinccino, L83, F|260/260
|move|p1a: Gogoat|Milk Drink|p1a: Gogoat
|-heal|p1a: Gogoat|360/360
|
|upkeep
|turn|17
|
|t:|1713922270
|move|p2a: Cinccino|Triple Axel|p1a: Gogoat
|-supereffective|p1a: Gogoat
|-damage|p1a: Gogoat|308/360
|-supereffective|p1a: Gogoat
|-damage|p1a: Gogoat|198/360
|-supereffective|p1a: Gogoat
|-damage|p1a: Gogoat|56/360
|-hitcount|p1a: Gogoat|3
|move|p1a: Gogoat|Horn Leech|p2a: Cinccino
|-damage|p2a: Cinccino|143/260
|-heal|p1a: Gogoat|115/360|[from] drain|[of] p2a: Cinccino
|
|-heal|p1a: Gogoat|137/360|[from] item: Leftovers
|upkeep
|turn|18
|
|t:|1713922297
|switch|p1a: Chandelure|Chandelure, L83, F|235/235
|move|p2a: Cinccino|Triple Axel|p1a: Chandelure
|-resisted|p1a: Chandelure
|-damage|p1a: Chandelure|225/235
|-resisted|p1a: Chandelure
|-damage|p1a: Chandelure|204/235
|-resisted|p1a: Chandelure
|-damage|p1a: Chandelure|175/235
|-hitcount|p1a: Chandelure|3
|
|-heal|p1a: Chandelure|189/235|[from] item: Leftovers
|upkeep
|turn|19
|
|t:|1713922304
|move|p2a: Cinccino|U-turn|p1a: Chandelure
|-resisted|p1a: Chandelure
|-damage|p1a: Chandelure|177/235
|
|t:|1713922306
|switch|p2a: Hydrapple|Hydrapple, L83, M|312/312|[from] U-turn
|move|p1a: Chandelure|Fire Blast|p2a: Hydrapple
|-damage|p2a: Hydrapple|150/312
|
|-heal|p1a: Chandelure|191/235|[from] item: Leftovers
|upkeep
|turn|20
|
|t:|1713922313
|move|p1a: Chandelure|Fire Blast|p2a: Hydrapple
|-damage|p2a: Hydrapple|0 fnt
|faint|p2a: Hydrapple
|
|-heal|p1a: Chandelure|205/235|[from] item: Leftovers
|upkeep
|
|t:|1713922316
|switch|p2a: Iron Jugulis|Iron Jugulis, L78, tera:Dark|227/275
|turn|21
|
|t:|1713922320
|switch|p1a: Gogoat|Gogoat, L88, M|137/360
|move|p2a: Iron Jugulis|Dark Pulse|p1a: Gogoat
|-damage|p1a: Gogoat|0 fnt
|faint|p1a: Gogoat
|
|upkeep
|inactive|pokeblade☆101 has 120 seconds left.
|
|t:|1713922380
|switch|p1a: Heracross|Heracross, L80, F|28/259
|turn|22
|
|t:|1713922400
|-end|p2a: Iron Jugulis|Quark Drive|[silent]
|switch|p2a: Comfey|Comfey, L85, M|167/225
|move|p1a: Heracross|Close Combat|p2a: Comfey
|-resisted|p2a: Comfey
|-crit|p2a: Comfey
|-damage|p2a: Comfey|71/225
|-unboost|p1a: Heracross|def|1
|-unboost|p1a: Heracross|spd|1
|
|-heal|p2a: Comfey|85/225|[from] item: Leftovers
|upkeep
|turn|23
|
|t:|1713922417
|switch|p1a: Chandelure|Chandelure, L83, F|205/235
|switch|p2a: Iron Jugulis|Iron Jugulis, L78, tera:Dark|227/275
|
|-heal|p1a: Chandelure|219/235|[from] item: Leftovers
|upkeep
|turn|24
|
|t:|1713922429
|move|p2a: Iron Jugulis|Dark Pulse|p1a: Chandelure
|-supereffective|p1a: Chandelure
|-crit|p1a: Chandelure
|-damage|p1a: Chandelure|0 fnt
|faint|p1a: Chandelure
|
|upkeep
|
|t:|1713922432
|switch|p1a: Heracross|Heracross, L80, F|28/259
|turn|25
|
|t:|1713922437
|-end|p2a: Iron Jugulis|Quark Drive|[silent]
|switch|p2a: Comfey|Comfey, L85, M|85/225
|move|p1a: Heracross|Stone Edge|p2a: Comfey
|-damage|p2a: Comfey|5/225
|
|-heal|p2a: Comfey|19/225|[from] item: Leftovers
|upkeep
|turn|26
|
|t:|1713922443
|move|p2a: Comfey|Draining Kiss|p1a: Heracross
|-supereffective|p1a: Heracross
|-damage|p1a: Heracross|0 fnt
|-heal|p2a: Comfey|40/225|[from] drain|[of] p1a: Heracross
|faint|p1a: Heracross
|
|-heal|p2a: Comfey|54/225|[from] item: Leftovers
|upkeep
|
|t:|1713922447
|switch|p1a: Deoxys|Deoxys-Defense, L86|226/226
|-ability|p1a: Deoxys|Pressure
|turn|27
|
|t:|1713922452
|switch|p2a: Iron Jugulis|Iron Jugulis, L78, tera:Dark|227/275
|move|p1a: Deoxys|Calm Mind|p1a: Deoxys
|-boost|p1a: Deoxys|spa|1
|-boost|p1a: Deoxys|spd|1
|
|upkeep
|turn|28
|
|t:|1713922456
|-terastallize|p1a: Deoxys|Steel
|move|p2a: Iron Jugulis|Dark Pulse|p1a: Deoxys
|-damage|p1a: Deoxys|158/226
|move|p1a: Deoxys|Calm Mind|p1a: Deoxys
|-boost|p1a: Deoxys|spa|1
|-boost|p1a: Deoxys|spd|1
|
|-heal|p1a: Deoxys|172/226|[from] item: Leftovers
|upkeep
|turn|29
|
|t:|1713922462
|move|p2a: Iron Jugulis|Dark Pulse|p1a: Deoxys
|-damage|p1a: Deoxys|118/226
|cant|p1a: Deoxys|flinch
|
|-heal|p1a: Deoxys|132/226|[from] item: Leftovers
|upkeep
|turn|30
|
|t:|1713922467
|-end|p2a: Iron Jugulis|Quark Drive|[silent]
|switch|p2a: Cetitan|Cetitan, L82, F|412/412
|move|p1a: Deoxys|Recover|p1a: Deoxys
|-heal|p1a: Deoxys|226/226
|
|upkeep
|turn|31
|
|t:|1713922471
|move|p1a: Deoxys|Psychic Noise|p2a: Cetitan
|-damage|p2a: Cetitan|213/412
|-start|p2a: Cetitan|move: Heal Block
|move|p2a: Cetitan|Belly Drum|p2a: Cetitan
|-damage|p2a: Cetitan|7/412
|-setboost|p2a: Cetitan|atk|6|[from] move: Belly Drum
|
|upkeep
|turn|32
|
|t:|1713922478
|move|p2a: Cetitan|Ice Shard|p1a: Deoxys
|-resisted|p1a: Deoxys
|-damage|p1a: Deoxys|172/226
|move|p1a: Deoxys|Psychic Noise|p2a: Cetitan
|-damage|p2a: Cetitan|0 fnt
|faint|p2a: Cetitan
|
|-heal|p1a: Deoxys|186/226|[from] item: Leftovers
|upkeep
|
|t:|1713922493
|switch|p2a: Iron Jugulis|Iron Jugulis, L78, tera:Dark|227/275
|turn|33
|
|t:|1713922503
|move|p2a: Iron Jugulis|Earth Power|p1a: Deoxys
|-supereffective|p1a: Deoxys
|-damage|p1a: Deoxys|122/226
|move|p1a: Deoxys|Calm Mind|p1a: Deoxys
|-boost|p1a: Deoxys|spa|1
|-boost|p1a: Deoxys|spd|1
|
|-heal|p1a: Deoxys|136/226|[from] item: Leftovers
|upkeep
|turn|34
|
|t:|1713922507
|move|p2a: Iron Jugulis|Earth Power|p1a: Deoxys
|-supereffective|p1a: Deoxys
|-crit|p1a: Deoxys
|-damage|p1a: Deoxys|0 fnt
|faint|p1a: Deoxys
|
|upkeep
|
|t:|1713922511
|switch|p1a: Dragonite|Dragonite, L74, F|257/257
|turn|35
|
|t:|1713922518
|-end|p2a: Iron Jugulis|Quark Drive|[silent]
|switch|p2a: Comfey|Comfey, L85, M|54/225
|move|p1a: Dragonite|Dragon Dance|p1a: Dragonite
|-boost|p1a: Dragonite|atk|1
|-boost|p1a: Dragonite|spe|1
|
|-heal|p2a: Comfey|68/225|[from] item: Leftovers
|upkeep
|turn|36
|
|t:|1713922530
|move|p2a: Comfey|Draining Kiss|p1a: Dragonite
|-supereffective|p1a: Dragonite
|-damage|p1a: Dragonite|205/257
|-heal|p2a: Comfey|107/225|[from] drain|[of] p1a: Dragonite
|move|p1a: Dragonite|Earthquake|p2a: Comfey
|-damage|p2a: Comfey|0 fnt
|faint|p2a: Comfey
|
|upkeep
|
|t:|1713922539
|switch|p2a: Cinccino|Cinccino, L83, F|143/260
|turn|37
|
|t:|1713922547
|move|p1a: Dragonite|Outrage|p2a: Cinccino
|-damage|p2a: Cinccino|0 fnt
|faint|p2a: Cinccino
|
|upkeep
|
|t:|1713922555
|switch|p2a: Iron Jugulis|Iron Jugulis, L78, tera:Dark|227/275
|turn|38
|
|t:|1713922558
|move|p1a: Dragonite|Outrage|p2a: Iron Jugulis|[from]lockedmove
|-damage|p2a: Iron Jugulis|5/275
|move|p2a: Iron Jugulis|Dark Pulse|p1a: Dragonite
|-damage|p1a: Dragonite|33/257
|
|upkeep
|turn|39
|
|t:|1713922562
|move|p1a: Dragonite|Outrage|p2a: Iron Jugulis|[from]lockedmove
|-damage|p2a: Iron Jugulis|0 fnt
|faint|p2a: Iron Jugulis
|-end|p2a: Iron Jugulis|Quark Drive|[silent]
|-start|p1a: Dragonite|confusion|[fatigue]
|
|win|pokeblade☆101
|raw|pokeblade☆101's rating: 2488 &rarr; <strong>2511</strong><br />(+23 for winning)
|raw|Lucius Artor's rating: 2548 &rarr; <strong>2525</strong><br />(-23 for losing)
|l|☆Lucius Artor
|player|p2|
